2129 3223
7 1109 11 1114 ·
61 1097 115 1120 dam.

68 239 118 266 Αιι.
137 237 165 264 C.
182 239 246 266 ¹24⁷

263 293 414 329 castitate.
441 293 533 336 Quod
556 294 649 328 etiam
676 293 715 328 de
733 295 942 330 servientibus
968 295 1017 328 iir-

263 343 356 378 miter
365 341 458 378 modo
469 342 562 377 simili
577 343 771 378 observetur.
786 343 833 378 De
845 343 952 379 divino
963 343 1016 379 Of-

263 390 334 426 ficio
357 399 417 426 tam
441 391 471 426 in
498 391 560 436 die,
582 403 676 439 quam
705 392 736 427 in
765 400 856 428 nocte
877 393 1014 428 Domino

78 445 151 496 ¹⁰³3„
179 447 219 497 ἓξ
215 451 250 466 ¹¹¹·
265 439 472 487 persolvendo
495 440 597 476 taliter
623 441 820 483 observetur,
845 442 928 489 quod
959 454 1013 483 tae,

66 481 179 504 ”mm
262 501 342 537 quae
361 489 464 536 legere
489 498 520 525 et
538 502 650 526 canere
673 492 816 525 noverint
837 491 1011 526 secundnm

262 538 526 574 consuetudinem
549 539 668 575 ordinis
683 539 813 575 fratrum
840 540 1011 580 Minorum,

261 591 335 622 cum
357 588 508 634 gravitate
540 597 644 624 tamen
673 597 703 624 et
738 589 903 633 modestia,
933 588 1012 624 Oili-

260 637 343 672 cium
360 636 495 672 debeant
517 638 687 679 celebrare;
701 637 863 673 illiteratae
879 650 951 673 vero
969 639 1012 673 di-

259 694 332 722 cant
353 686 461 733 viginti
491 687 584 722 Pater
614 694 715 722 noster
747 699 802 734 pro
832 687 985 722 Matutino
1003 715 1011 729 ,

259 747 317 782 pro
338 734 504 771 Laudibus
519 736 671 784 quinque,
685 747 740 781 pro
755 735 871 780 Prima,
893 736 1009 781 Tertia,

259 783 353 819 Sexta
374 792 405 820 et
424 784 526 830 Nona,
548 796 605 832 pro
626 784 766 831 qualibet
788 785 916 820 istarum
951 785 1011 820 ho-

260 845 363 869 rarum
385 842 519 881 septem,
542 846 599 881 pro
620 833 768 881 Vesperis
795 842 899 869 autem
930 835 1009 869 duo-

257 882 373 924 decim,
395 895 453 930 pro
480 882 698 929 Completorio
714 891 848 929 septem,
867 883 919 931 qui
939 896 1009 918 mo—

258 931 319 967 «tus
340 943 398 979 per
423 932 526 967 omnia
549 932 579 966 in
607 932 720 967 Officio
748 931 860 967 Beatae
894 932 1008 967 Mariae

257 980 396 1027 Virginis
422 981 619 1036 observetur,
641 989 670 1016 et
697 989 788 1016 orent
811 994 870 1028 pro
888 981 1008 1016 defun-

75 1036 220 1058 summam
208 1029 325 1065 metis.
347 1029 441 1072 Quod
468 1031 493 1066 si
516 1030 700 1065 iuvenculae
718 1031 852 1085 aliquae
857 1031 1006 1065 veletiam

61 1067 127 1088 ΜΝ
144 1070 245 1094 ''m“
256 1079 460 1134 grandiores,
498 1091 630 1127 capaces
670 1079 788 1126 ingenii
810 1087 840 1114 et
871 1079 1008 1114 humiles

256 1128 383 1170 fuerint,
410 1129 434 1163 si
457 1129 631 1164 abbatissae
653 1128 752 1163 visum
776 1128 890 1169 fuerit,
918 1129 1007 1164 saciat

255 1189 309 1213 eas
329 1178 446 1213 litteras
469 1178 607 1217 edoceri,
629 1179 806 1224 magistram
831 1178 877 1212 eis
903 1177 1006 1225 depu-

255 1234 326 1262 tans
359 1226 504 1263 idoneam
531 1235 562 1262 et
583 1226 761 1265 discretam
788 1238 912 1262 sorores
934 1240 1006 1262 vero

256 1275 341 1311 boris
375 1277 512 1320 statutis,
548 1284 640 1323 prout
671 1276 851 1311 ordinatum
887 1276 1005 1317 suerit,

258 1323 386 1360 utilibus
407 1333 436 1360 et
458 1325 599 1360 honestis
621 1324 780 1360 laboribus
797 1333 1003 1371 occupentur.

256 1372 426 1409 Silentium
454 1386 527 1409 vero
553 1374 749 1418 continuum,
771 1375 817 1408 sic
857 1375 1005 1409 continue

255 1422 296 1458 ab
316 1423 464 1458 omnibus
485 1431 638 1477 teneatur,
655 1431 687 1457 ut
708 1435 766 1458 nec
785 1422 843 1457 sibi
858 1423 1004 1467 invicem,

257 1483 315 1508 nec
332 1472 433 1507 alicui
461 1472 512 1507 alii
540 1472 608 1507 sine
629 1471 755 1507 licentia
781 1473 827 1507 eis
847 1471 932 1519 loqui
966 1473 1005 1506 li-

74 1522 96 1544 ¹¹¹
117 1523 242 1574 ῑῡωθῐῑῑζ
256 1528 334 1556 ceat.
361 1521 511 1557 Attendat
543 1528 645 1556 tamen
681 1521 811 1556 sollicite
848 1521 1003 1556 abbatissa

59 1557 322 1611 igxmainmssubi,
345 1570 518 1618 quomodo,
539 1578 571 1605 et
596 1571 729 1617 qualiter
757 1570 918 1605 sororibus
956 1570 1004 1605 lo-

255 1620 370 1667 quendi
397 1620 554 1655 licentiam
576 1620 735 1666 largiatur,
762 1632 873 1654 omnes
899 1627 1002 1654 autem

255 1669 299 1704 uti
322 1669 468 1705 studeant
493 1669 590 1715 signis
631 1669 785 1715 religiosis
819 1669 934 1716 pariter
974 1677 1003 1704 et

254 1717 408 1754 honestis.
450 1718 534 1754 Sane
571 1717 699 1765 quaudo
732 1718 835 1765 aliqua
871 1730 1002 1764 persona

254 1767 418 1814 religiosa,
440 1769 488 1802 vel
526 1766 716 1807 saecularis,
754 1768 799 1802 vel
834 1766 1003 1802 cuiuslibet

254 1815 416 1863 dignitatis
441 1816 524 1863 loqui
549 1816 671 1863 petierit
709 1816 801 1851 alicui
836 1827 1000 1859 sororum,

254 1866 424 1900 nuncietur
449 1867 537 1913 prius
573 1864 772 1904 abbatissae,
810 1872 841 1899 et
873 1864 899 1899 si
936 1865 1002 1910 ipsa

252 1915 457 1959 concesserit,
483 1913 636 1949 accedens
662 1913 699 1948 ad
716 1913 905 1949 locutorium
925 1913 1002 1948 duas

253 1963 332 1999 alias
352 1963 391 1998 ad
419 1963 524 1998 minus
552 1962 663 1997 habeat
701 1975 827 2010 semper
869 1975 976 1998 secum
993 1990 1001 2003 ,

252 2012 369 2060 quibus
395 2012 520 2048 iusserit
542 2011 623 2046 dicta
646 2012 814 2054 abbatissa,
836 2024 917 2058 quae
948 2012 1000 2046 lo—

253 2070 401 2108 quentem
428 2061 566 2104 videant,
587 2068 618 2095 et
638 2062 746 2096 audire
771 2061 892 2096 valeant
920 2073 1000 2108 quae

253 2111 414 2146 dicuntur.
435 2110 505 2145 Hoc
520 2121 656 2157 namque
670 2110 800 2145 firmiter
818 2110 1001 2145 observetur

145 2187 190 2207 4
252 2159 293 2194 ab
318 2160 479 2198 omnibus,
512 2167 545 2193 ut
578 2159 705 2206 quando
735 2159 774 2193 de
802 2159 1000 2194 consessione

252 2209 406 2244 sacerdoti
440 2208 569 2243 interius
605 2207 727 2242 infirma
767 2207 860 2242 fuerit
897 2208 999 2255 aliqua

251 2257 409 2300 locutura,
441 2269 502 2292 non
543 2257 688 2303 loquatur
724 2257 782 2291 nisi
821 2257 858 2292 ad
896 2269 1001 2291 minus

252 2306 377 2343 duabus
400 2319 463 2342 non
486 2307 580 2352 longe
601 2305 797 2347 sedentibus,
823 2318 902 2353 quae
931 2318 1000 2340 cou-

251 2355 392 2392 fitentem
419 2366 450 2392 et
475 2355 686 2391 confessorem
724 2355 828 2390 videre
866 2355 998 2402 possint,

251 2405 291 2440 ab
316 2406 435 2441 eisdem
471 2405 586 2452 pariter
607 2412 637 2439 et
660 2403 767 2439 videri.
786 2404 876 2439 Hanc
896 2413 999 2439 autem

252 2454 403 2502 loquendi
425 2455 539 2501 legem,
562 2462 592 2488 et
630 2454 696 2501 ipsa
729 2453 884 2488 abbatissa
924 2453 1001 2488 dili-

252 2512 363 2550 genter
383 2504 550 2545 custodiat‚
578 2512 612 2537 ut
638 2502 742 2537 omnis
769 2502 898 2537 omnino
931 2514 1000 2537 ma-

252 2553 329 2588 teria
346 2553 550 2589 detractionis
570 2551 720 2587 omnibus
745 2551 913 2586 auferatur.
940 2551 1001 2586 Ex—

75 2598 216 2623 ⁰·⁵³¹⁹¹'¹‘'⁰²
252 2609 343 2649 cepto
364 2602 447 2649 quod
471 2614 544 2637 cum
572 2600 731 2636 sororibus
757 2601 845 2636 horis
866 2608 896 2635 ct
923 2600 1000 2636 locis

329 2658 404 2688 Ball,
426 2659 503 2689 Rom.
527 2659 582 2688 Vol.
605 2658 655 2688 III.
845 2657 881 2686 67

866 240 1077 264 lNNoc‘ffiTius
1103 241 1137 263 IV
1165 241 1212 264 ΡΡ.

1684 233 1754 266 529

1057 295 1312 341 competentibus
1338 296 1422 350 loqui
1446 304 1560 344 potest,
1581 297 1663 332 sicut
1686 297 1714 332 ei
1751 308 1804 332 se-

1056 344 1197 378 cundum
1221 344 1322 379 Deum
1339 358 1440 380 visum
1456 345 1548 382 fuerit
1565 346 1722 393 expedire.
1742 345 1802 381 So-

1056 405 1142 428 rores
1161 405 1233 428 vero
1256 393 1398 429 infirmae
1424 403 1454 430 et
1475 396 1662 435 servientes,
1684 395 1801 430 eisdem
1830 398 2000 421 ‘humum-0¹⁶

1056 442 1143 477 iuxta
1175 442 1411 490 dispositionem
1447 444 1632 482 abbatissae.
1668 430 1891 479 infirmi-'⁸⁰⁴⁰'

1054 492 1124 527 tatis
1146 504 1220 527 suae
1243 500 1382 539 tempore
1421 493 1451 527 in
1484 494 1682 529 infirmitorio
1716 493 1800 540 loqui

1055 549 1195 587 possunt.
1233 541 1365 576 Sorores
1392 550 1496 577 autem
1521 551 1550 577 ct
1582 542 1754 578 servientes
1786 556 1800 575 a

1054 590 1131 625 sesto
1158 589 1367 625 Exaltatiouis
1393 590 1527 627 Sanctae
1548 591 1660 626 Crucis
1703 603 1801 639 usquc

1052 639 1089 673 ad
1113 639 1226 674 festum
1249 638 1503 675 Resurrectionis
1524 640 1709 675 Dominicae
1730 653 1802 675 con-

1051 689 1176 723 tinuum
1199 697 1323 724 serient
1342 689 1508 730 ieiunium,
1545 689 1656 724 diebus
1690 689 1800 723 domi-

1052 738 1144 778 nicis,
1166 737 1254 772 Beati
1292 737 1467 779 Michaelis,
1505 738 1593 773 Beati
1628 737 1799 782 ancisci,

1051 785 1202 821 Omnium
1230 786 1430 825 Sanctorum,
1456 786 1633 822 Nativitatis
1659 786 1799 827 Domini,

1050 847 1122 870 cum
1145 835 1271 870 duobus
1293 836 1473 871 immediate
1505 835 1711 883 sequentibus
1737 835 1800 872 die·

1051 884 1119 925 bus,
1147 896 1270 919 necnon
1306 885 1503 932 Epiphaniae
1543 893 1574 919 et
1599 884 1800 919 Purificatio—

1050 934 1098 968 nis
1119 934 1269 980 exceptis.
1292 934 1410 969 Verum
1432 947 1448 969 a
1470 934 1715 969 Resurrectione
1737 933 1798 968 Do·

1050 983 1175 1024 minica,
1202 995 1301 1029 usque
1328 983 1367 1018 ad
1398 983 1629 1018 Exaltationem
1663 982 1799 1017 Sanctae

1048 1031 1171 1072 Crucis,
1200 1033 1258 1066 nisi
1285 1041 1374 1067 sexta
1404 1032 1478 1067 seria
1513 1040 1544 1067 et
1578 1032 1701 1067 ieiuniis
1733 1039 1798 1066 sta—

1050 1082 1125 1116 tutis
1154 1081 1369 1116 universaliter
1403 1082 1442 1116 ab
1476 1081 1618 1116 Ecclesia
1657 1080 1797 1115 ieiunare

1820 244 1870 270 An.
1889 243 1918 271 C.
1934 244 1999 271 tw}

1049 1131 1178 1164 minime
1205 1137 1380 1165 teneantur.
1404 1130 1486 1165 Vino
1517 1141 1656 1177 quoque,
1697 1137 1727 1164 et
1757 1129 1798 1175 pi·

1048 1178 1166 1223 scibus,
1189 1180 1266 1222 otis,
1294 1192 1325 1214 ce
1321 1192 1384 1215 .seo
1417 1188 1447 1214 et
1475 1179 1639 1214 lacticiniis
1665 1178 1797 1225 aliisque

1049 1228 1219 1275 pulmentis
1240 1227 1324 1264 licite
1346 1229 1465 1276 possint
1492 1228 1548 1263 uti.
1576 1228 1624 1262 Ab
1651 1228 1796 1263 Adventu

1048 1286 1163 1316 tamen
1203 1289 1303 1324 usque
1344 1278 1381 1312 ad
1420 1277 1619 1313 Nativitatem
1651 1275 1795 1320 Domini,

1048 1327 1156 1361 maiori
1178 1326 1438 1382 Quadragesima,
1471 1339 1592 1362 necnon
1645 1333 1675 1360 et
1709 1333 1795 1360 sexta

1046 1375 1135 1416 feria,
1157 1388 1193 1410 ac
1219 1376 1315 1410 aliis
1310 1376 1436 1411 ieiuniis
1458 1376 1646 1421 generaliter
1671 1375 1709 1409 ab
1731 1374 1797 1409 Ec-

1046 1425 1139 1460 clesia
1167 1425 1330 1466 institutis,
1357 1426 1436 1469 ovis,
1462 1437 1566 1469 caseo,
1601 1424 1796 1470 caeterisque

1046 1473 1209 1509 lacticiniis
1231 1487 1292 1509 non
1317 1482 1454 1509 utantur.
1482 1473 1563 1509 Cum
1587 1472 1797 1508 servientibus

1045 1532 1147 1558 tamen
1174 1523 1336 1558 sororibus
1362 1523 1443 1558 circa
1466 1523 1634 1564 ieiunium,
1658 1530 1797 1569 praeter-

1044 1585 1137 1620 quam
1163 1573 1194 1607 in
1229 1573 1375 1607 Adventu
1397 1581 1427 1607 et
1448 1572 1696 1618 Quadragesima
1728 1583 1796 1606 ma-

1045 1623 1116 1666 iori,
1143 1631 1173 1656 et
1194 1631 1280 1657 sexta
1306 1621 1409 1666 Feria,
1437 1634 1472 1656 ac
1494 1621 1565 1656 aliis
1593 1620 1719 1656 ieiuniis
1745 1632 1796 1666 ge-

1045 1671 1192 1706 neraliter
1229 1671 1267 1705 al)
1311 1671 1452 1706 Ecclesia
1496 1669 1794 1716 institutis,-possit

1044 1720 1199 1756 abbatissa
1222 1720 1467 1755 misericorditer
1489 1719 1682 1766 dispensare.
1704 1718 1795 1753 Prae·

1044 1769 1134 1804 fatam
1162 1778 1266 1804 autem
1296 1769 1400 1804 ieiunii
1442 1778 1472 1803 et
1505 1768 1712 1803 abstinentiae
1747 1767 1793 1802 le-

1043 1830 1114 1864 gem
1141 1818 1393 1854 adolescentulae
1408 1818 1486 1853 infra
1508 1817 1666 1852 decimum
1697 1829 1793 1863 quar-

1043 1876 1109 1902 tum
1132 1880 1262 1911 anuum,
1285 1868 1332 1902 vel
1354 1879 1434 1901 anus
1461 1879 1515 1902 seu
1544 1865 1666 1901 debiles
1686 1867 1793 1901 obser-

1043 1929 1114 1951 vare
1137 1917 1266 1951 minime
1289 1924 1466 1957 teneantur,
1481 1915 1596 1963 quibus
1616 1915 1790 1950 secundum

1043 1978 1152 2000 eorum
1179 1965 1437 2006 imbecillitatem,
1465 1974 1526 2000 tam
1562 1965 1593 1999 in
1630 1963 1790 2004 carnibus,

1041 2027 1135 2062 quam
1159 2015 1189 2049 in
1218 2014 1403 2049 necessariis
1435 2014 1503 2049 aliis
1536 2014 1635 2061 possit
1667 2012 1791 2048 miseri-

1041 2068 1179 2103 corditer
1201 2068 1367 2115 provideri.
1391 2067 1472 2103 Sane
1499 2079 1627 2115 quoque
1650 2067 1789 2101 ieiunare

1043 2134 1104 2157 non
1129 2131 1274 2157 tenentur
1300 2122 1486 2157 minutionis
1524 2133 1599 2155 suae
1636 2128 1789 2166 tempore,

1042 2184 1128 2210 extra
1150 2176 1299 2210 maiorem
1324 2175 1609 2221 quadragesimam,
1623 2181 1653 2207 et
1670 2180 1788 2208 sextam

1042 2228 1148 2263 feriam
1188 2228 1353 2262 Adventus
1381 2227 1523 2268 Domini,
1550 2235 1580 2261 et
1607 2226 1724 2261 ieiunia
1750 2225 1789 2261 ab

1041 2282 1183 2317 Ecclesia
1210 2282 1398 2328 generaliter
1422 2281 1572 2321 instituta3
1605 2288 1713 2314 caveat
1741 2287 1789 2314 ta·

1043 2348 1113 2370 men
1137 2335 1291 2370 abbatissa
1320 2347 1358 2369 ne
1386 2335 1464 2369 ultra
1492 2342 1602 2381 quater
1636 2335 1665 2368 in
1707 2345 1790 2368 anno

1042 2389 1251 2423 minutionem
1285 2389 1442 2435 permittat
1468 2387 1678 2422 communiter
1704 2387 1789 2422 cele-

1043 2443 1136 2481 brari,
1156 2443 1213 2476 nisi
1239 2441 1402 2476 manifesta
1428 2442 1599 2477 necessitas
1633 2440 1705 2488 plus
1739 2453 1788 2476 re-

1041 2497 1155 2543 quirat,
1177 2508 1235 2530 nec
1257 2508 1274 2530 a
1301 2508 1434 2542 persona
1472 2503 1617 2530 extranea
1654 2495 1788 2530 maxime

1042 2564 1114 2585 vero
1143 2550 1348 2585 minutionem
1383 2550 1536 2597 accipiant
1580 2549 1685 2597 aliqua
1732 2561 1787 2584 ra·-

1043 2604 1125 2638 tione
1149 2602 1202 2638 ubi
1230 2602 1395 2638 commode
1431 2603 1542 2650 poterit
1579 2603 1701 2638 evitari.
1739 2601 1788 2638 De
