<?xml version="1.0" encoding="UTF-8"?>
<!DOCTYPE html PUBLIC "-//W3C//DTD XHTML 1.0 Transitional//EN"
    "http://www.w3.org/TR/xhtml1/DTD/xhtml1-transitional.dtd">
<html xmlns="http://www.w3.org/1999/xhtml" xml:lang="en" lang="en">
 <head>
  <title>
</title>
<meta http-equiv="Content-Type" content="text/html;charset=utf-8" />
  <meta name='ocr-system' content='tesseract 3.04.00' />
  <meta name='ocr-capabilities' content='ocr_page ocr_carea ocr_par ocr_line ocrx_word'/>
</head>
<body>
  <div class='ocr_page' id='page_1' title='image "./bullarumdiplomat03cath_0536.png"; bbox 0 0 2129 3223; ppageno 0'>
   <div class='ocr_carea' id='block_1_1' title="bbox 109 255 1056 352">
    <p class='ocr_par' dir='ltr' id='par_1_1' title="bbox 109 255 1056 352">
     <span class='ocr_line' id='line_1_1' title="bbox 109 255 292 283; baseline -0.005 -1"><span class='ocrx_word' id='word_1_1' title='bbox 109 257 160 282; x_wconf 77' lang='lat' dir='ltr'>An.</span> <span class='ocrx_word' id='word_1_2' title='bbox 179 255 208 283; x_wconf 88' lang='lat' dir='ltr'>C.</span> <span class='ocrx_word' id='word_1_3' title='bbox 228 255 292 282; x_wconf 60' lang='lat'>12&#39;47</span> 
     </span>
     <span class='ocr_line' id='line_1_2' title="bbox 130 307 1056 352; baseline -0.003 -8"><span class='ocrx_word' id='word_1_4' title='bbox 130 312 271 336; x_wconf 65' lang='lat'>¹¹&lt;¹¹¹¹³¹¹⁰³⁸=</span> <span class='ocrx_word' id='word_1_5' title='bbox 307 311 440 344; x_wconf 82' lang='lat' dir='ltr'>infirmis</span> <span class='ocrx_word' id='word_1_6' title='bbox 473 321 545 342; x_wconf 68' lang='lat' dir='ltr'>vcro</span> <span class='ocrx_word' id='word_1_7' title='bbox 575 320 648 342; x_wconf 88' lang='lat' dir='ltr'>cura</span> <span class='ocrx_word' id='word_1_8' title='bbox 689 316 717 342; x_wconf 93' lang='lat' dir='ltr'>et</span> <span class='ocrx_word' id='word_1_9' title='bbox 761 308 895 342; x_wconf 82' lang='lat' dir='ltr'>maxima</span> <span class='ocrx_word' id='word_1_10' title='bbox 927 307 1056 352; x_wconf 81' lang='lat' dir='ltr'>diligen-</span> 
     </span>
    </p>
   </div>
   <div class='ocr_carea' id='block_1_2' title="bbox 106 798 291 850">
    <p class='ocr_par' dir='ltr' id='par_1_2' title="bbox 106 798 291 850">
     <span class='ocr_line' id='line_1_3' title="bbox 174 798 291 820; baseline 0.026 -3"><span class='ocrx_word' id='word_1_11' title='bbox 174 805 192 817; x_wconf 81' lang='grc' dir='ltr'>ι.</span> <span class='ocrx_word' id='word_1_12' title='bbox 227 798 291 820; x_wconf 71' lang='lat' dir='ltr'>indu·</span> 
     </span>
     <span class='ocr_line' id='line_1_4' title="bbox 106 832 231 850; baseline -0.008 0"><span class='ocrx_word' id='word_1_13' title='bbox 106 832 231 850; x_wconf 51' lang='lat' dir='ltr'>ffl*nl&#39;)l¹um‚</span> 
     </span>
    </p>
   </div>
   <div class='ocr_carea' id='block_1_3' title="bbox 362 246 431 278">
    <p class='ocr_par' dir='ltr' id='par_1_3' title="bbox 362 246 431 278">
     <span class='ocr_line' id='line_1_5' title="bbox 362 246 431 278; baseline 0.014 -3"><span class='ocrx_word' id='word_1_14' title='bbox 362 246 431 278; x_wconf 66' lang='lat'>5³50</span> 
     </span>
    </p>
   </div>
   <div class='ocr_carea' id='block_1_4' title="bbox 303 355 1068 2656">
    <p class='ocr_par' dir='ltr' id='par_1_4' title="bbox 303 355 1068 2656">
     <span class='ocr_line' id='line_1_6' title="bbox 307 355 1056 403; baseline -0.005 -10"><span class='ocrx_word' id='word_1_15' title='bbox 307 361 346 393; x_wconf 87' lang='lat' dir='ltr'>tia</span> <span class='ocrx_word' id='word_1_16' title='bbox 375 358 581 397; x_wconf 77' lang='lat' dir='ltr'>hal›eatur,et</span> <span class='ocrx_word' id='word_1_17' title='bbox 601 356 775 391; x_wconf 83' lang='lat' dir='ltr'>secuudum</span> <span class='ocrx_word' id='word_1_18' title='bbox 799 356 882 403; x_wconf 88' lang='lat' dir='ltr'>quod</span> <span class='ocrx_word' id='word_1_19' title='bbox 908 355 1056 401; x_wconf 83' lang='lat' dir='ltr'>possibile</span> 
     </span>
     <span class='ocr_line' id='line_1_7' title="bbox 307 405 1056 451; baseline -0.004 -10"><span class='ocrx_word' id='word_1_20' title='bbox 307 408 395 442; x_wconf 86' lang='lat' dir='ltr'>l&#39;uerit</span> <span class='ocrx_word' id='word_1_21' title='bbox 420 415 447 440; x_wconf 86' lang='lat' dir='ltr'>et</span> <span class='ocrx_word' id='word_1_22' title='bbox 472 406 646 441; x_wconf 80' lang='lat' dir='ltr'>decreverit</span> <span class='ocrx_word' id='word_1_23' title='bbox 669 413 730 440; x_wconf 91' lang='lat' dir='ltr'>tam</span> <span class='ocrx_word' id='word_1_24' title='bbox 758 405 788 439; x_wconf 90' lang='lat' dir='ltr'>in</span> <span class='ocrx_word' id='word_1_25' title='bbox 811 405 954 448; x_wconf 74' lang='lat' dir='ltr'>cibariis,</span> <span class='ocrx_word' id='word_1_26' title='bbox 976 417 1056 451; x_wconf 87' lang='lat' dir='ltr'>quae</span> 
     </span>
     <span class='ocr_line' id='line_1_8' title="bbox 305 454 1057 511; baseline -0.005 -20"><span class='ocrx_word' id='word_1_27' title='bbox 305 469 414 491; x_wconf 84' lang='lat' dir='ltr'>earum</span> <span class='ocrx_word' id='word_1_28' title='bbox 444 456 588 511; x_wconf 47' lang='lat' dir='ltr'>requirit</span> <span class='ocrx_word' id='word_1_29' title='bbox 598 455 774 495; x_wconf 83' lang='lat' dir='ltr'>infirmitas,</span> <span class='ocrx_word' id='word_1_30' title='bbox 802 466 896 501; x_wconf 88' lang='lat' dir='ltr'>quam</span> <span class='ocrx_word' id='word_1_31' title='bbox 925 455 953 487; x_wconf 92' lang='lat' dir='ltr'>in</span> <span class='ocrx_word' id='word_1_32' title='bbox 988 454 1057 488; x_wconf 83' lang='lat' dir='ltr'>aliis</span> 
     </span>
     <span class='ocr_line' id='line_1_9' title="bbox 305 503 1057 540; baseline -0.004 0"><span class='ocrx_word' id='word_1_33' title='bbox 305 506 406 540; x_wconf 82' lang='lat' dir='ltr'>etiam·</span> <span class='ocrx_word' id='word_1_34' title='bbox 422 505 609 539; x_wconf 76' lang='lat' dir='ltr'>necessariis</span> <span class='ocrx_word' id='word_1_35' title='bbox 630 505 661 538; x_wconf 90' lang='lat' dir='ltr'>in</span> <span class='ocrx_word' id='word_1_36' title='bbox 683 504 804 538; x_wconf 77' lang='lat' dir='ltr'>fervore</span> <span class='ocrx_word' id='word_1_37' title='bbox 825 504 984 538; x_wconf 77' lang='lat' dir='ltr'>charititis</span> <span class='ocrx_word' id='word_1_38' title='bbox 1007 503 1057 537; x_wconf 86' lang='lat' dir='ltr'>be-</span> 
     </span>
     <span class='ocr_line' id='line_1_10' title="bbox 307 553 1057 601; baseline -0.004 -13"><span class='ocrx_word' id='word_1_39' title='bbox 307 556 400 601; x_wconf 76' lang='lat' dir='ltr'>nigne</span> <span class='ocrx_word' id='word_1_40' title='bbox 429 566 463 588; x_wconf 90' lang='lat' dir='ltr'>ac</span> <span class='ocrx_word' id='word_1_41' title='bbox 498 553 632 589; x_wconf 76' lang='lat' dir='ltr'><strong>sollicite</strong></span> <span class='ocrx_word' id='word_1_42' title='bbox 659 553 706 587; x_wconf 93' lang='lat' dir='ltr'>eis</span> <span class='ocrx_word' id='word_1_43' title='bbox 727 565 784 600; x_wconf 88' lang='lat' dir='ltr'>per</span> <span class='ocrx_word' id='word_1_44' title='bbox 806 553 909 587; x_wconf 81' lang='lat' dir='ltr'>onmia</span> <span class='ocrx_word' id='word_1_45' title='bbox 941 553 1057 586; x_wconf 71' lang='lat' dir='ltr'>sortia-</span> 
     </span>
     <span class='ocr_line' id='line_1_11' title="bbox 305 600 1055 649; baseline -0.003 -12"><span class='ocrx_word' id='word_1_46' title='bbox 305 613 364 638; x_wconf 87' lang='lat' dir='ltr'>tur.</span> <span class='ocrx_word' id='word_1_47' title='bbox 385 603 473 644; x_wconf 83' lang='lat' dir='ltr'>Quae</span> <span class='ocrx_word' id='word_1_48' title='bbox 494 615 566 637; x_wconf 66' lang='lat' dir='ltr'>iero</span> <span class='ocrx_word' id='word_1_49' title='bbox 582 603 723 637; x_wconf 82' lang='lat' dir='ltr'>infirmae</span> <span class='ocrx_word' id='word_1_50' title='bbox 743 602 904 649; x_wconf 87' lang='lat' dir='ltr'>proprium</span> <span class='ocrx_word' id='word_1_51' title='bbox 923 600 1055 636; x_wconf 84' lang='lat' dir='ltr'>habeant</span> 
     </span>
     <span class='ocr_line' id='line_1_12' title="bbox 306 650 1058 699; baseline -0.004 -13"><span class='ocrx_word' id='word_1_52' title='bbox 306 654 424 697; x_wconf 76' lang='lat' dir='ltr'>locum,</span> <span class='ocrx_word' id='word_1_53' title='bbox 447 653 473 686; x_wconf 86' lang='lat' dir='ltr'>si</span> <span class='ocrx_word' id='word_1_54' title='bbox 496 664 635 699; x_wconf 88' lang='lat' dir='ltr'>unquam</span> <span class='ocrx_word' id='word_1_55' title='bbox 660 651 725 686; x_wconf 81' lang='lat' dir='ltr'>lieri</span> <span class='ocrx_word' id='word_1_56' title='bbox 750 659 864 698; x_wconf 85' lang='lat' dir='ltr'>potest,</span> <span class='ocrx_word' id='word_1_57' title='bbox 893 650 944 684; x_wconf 91' lang='lat' dir='ltr'>ubi</span> <span class='ocrx_word' id='word_1_58' title='bbox 973 662 990 685; x_wconf 89' lang='lat' dir='ltr'>a</span> <span class='ocrx_word' id='word_1_59' title='bbox 1011 662 1058 685; x_wconf 84' lang='lat' dir='ltr'>sa-</span> 
     </span>
     <span class='ocr_line' id='line_1_13' title="bbox 306 699 1058 748; baseline -0.004 -12"><span class='ocrx_word' id='word_1_60' title='bbox 306 703 353 736; x_wconf 86' lang='lat' dir='ltr'>nis</span> <span class='ocrx_word' id='word_1_61' title='bbox 380 710 528 736; x_wconf 63' lang='lat' dir='ltr'>maneant</span> <span class='ocrx_word' id='word_1_62' title='bbox 557 709 736 748; x_wconf 81' lang='lat' dir='ltr'>separatae,</span> <span class='ocrx_word' id='word_1_63' title='bbox 760 713 797 735; x_wconf 88' lang='lat' dir='ltr'>ne</span> <span class='ocrx_word' id='word_1_64' title='bbox 825 701 947 735; x_wconf 86' lang='lat' dir='ltr'>illarum</span> <span class='ocrx_word' id='word_1_65' title='bbox 971 699 1058 734; x_wconf 89' lang='lat' dir='ltr'>ordi-</span> 
     </span>
     <span class='ocr_line' id='line_1_14' title="bbox 306 748 1055 796; baseline -0.003 -12"><span class='ocrx_word' id='word_1_66' title='bbox 306 764 376 785; x_wconf 71' lang='lat' dir='ltr'>nem</span> <span class='ocrx_word' id='word_1_67' title='bbox 404 759 435 786; x_wconf 89' lang='lat' dir='ltr'>et</span> <span class='ocrx_word' id='word_1_68' title='bbox 469 752 609 796; x_wconf 77' lang='lat' dir='ltr'>quietem</span> <span class='ocrx_word' id='word_1_69' title='bbox 633 749 827 784; x_wconf 83' lang='lat' dir='ltr'>confundere</span> <span class='ocrx_word' id='word_1_70' title='bbox 859 749 981 784; x_wconf 84' lang='lat' dir='ltr'>valeant</span> <span class='ocrx_word' id='word_1_71' title='bbox 1009 748 1055 783; x_wconf 83' lang='lat' dir='ltr'>vel</span> 
     </span>
     <span class='ocr_line' id='line_1_15' title="bbox 306 798 1058 847; baseline -0.005 -12"><span class='ocrx_word' id='word_1_72' title='bbox 306 801 443 841; x_wconf 57' lang='lat' dir='ltr'>turbare,</span> <span class='ocrx_word' id='word_1_73' title='bbox 474 799 690 847; x_wconf 79' lang='lat' dir='ltr'>Unaquaeque</span> <span class='ocrx_word' id='word_1_74' title='bbox 713 811 817 839; x_wconf 83' lang='lat' dir='ltr'>soror,</span> <span class='ocrx_word' id='word_1_75' title='bbox 841 807 963 846; x_wconf 85' lang='lat' dir='ltr'>praeter</span> <span class='ocrx_word' id='word_1_76' title='bbox 989 798 1058 832; x_wconf 74' lang='lat' dir='ltr'>cili-</span> 
     </span>
     <span class='ocr_line' id='line_1_16' title="bbox 304 847 1057 894; baseline -0.003 -11"><span class='ocrx_word' id='word_1_77' title='bbox 304 851 413 894; x_wconf 83' lang='lat' dir='ltr'>ciuin,</span> <span class='ocrx_word' id='word_1_78' title='bbox 443 849 488 884; x_wconf 77' lang='lat' dir='ltr'>vel</span> <span class='ocrx_word' id='word_1_79' title='bbox 524 850 733 893; x_wconf 82' lang='lat' dir='ltr'>stamineam,</span> <span class='ocrx_word' id='word_1_80' title='bbox 757 849 781 883; x_wconf 88' lang='lat' dir='ltr'>si</span> <span class='ocrx_word' id='word_1_81' title='bbox 811 848 952 882; x_wconf 84' lang='lat' dir='ltr'>habuerit</span> <span class='ocrx_word' id='word_1_82' title='bbox 980 847 1057 881; x_wconf 86' lang='lat' dir='ltr'>duas</span> 
     </span>
     <span class='ocr_line' id='line_1_17' title="bbox 306 896 1056 945; baseline -0.005 -12"><span class='ocrx_word' id='word_1_83' title='bbox 306 900 439 943; x_wconf 86' lang='lat' dir='ltr'>tunicas,</span> <span class='ocrx_word' id='word_1_84' title='bbox 461 898 509 933; x_wconf 78' lang='lat' dir='ltr'>vel</span> <span class='ocrx_word' id='word_1_85' title='bbox 525 900 617 933; x_wconf 87' lang='lat' dir='ltr'>etiam</span> <span class='ocrx_word' id='word_1_86' title='bbox 635 898 755 945; x_wconf 77' lang='lat' dir='ltr'>plures,</span> <span class='ocrx_word' id='word_1_87' title='bbox 775 898 950 932; x_wconf 84' lang='lat' dir='ltr'>secundum</span> <span class='ocrx_word' id='word_1_88' title='bbox 971 896 1056 943; x_wconf 87' lang='lat' dir='ltr'>quod</span> 
     </span>
     <span class='ocr_line' id='line_1_18' title="bbox 305 946 1057 987; baseline -0.003 -6"><span class='ocrx_word' id='word_1_89' title='bbox 305 950 404 983; x_wconf 75' lang='lat' dir='ltr'>visum</span> <span class='ocrx_word' id='word_1_90' title='bbox 435 948 527 982; x_wconf 79' lang='lat' dir='ltr'>fuerit</span> <span class='ocrx_word' id='word_1_91' title='bbox 548 947 736 987; x_wconf 60' lang='lat' dir='ltr'>abbatissae,</span> <span class='ocrx_word' id='word_1_92' title='bbox 761 947 874 981; x_wconf 87' lang='lat' dir='ltr'>habere</span> <span class='ocrx_word' id='word_1_93' title='bbox 897 946 994 980; x_wconf 76' lang='lat' dir='ltr'>valeat</span> <span class='ocrx_word' id='word_1_94' title='bbox 1027 955 1057 981; x_wconf 89' lang='lat' dir='ltr'>et</span> 
     </span>
     <span class='ocr_line' id='line_1_19' title="bbox 303 996 1058 1043; baseline -0.004 -11"><span class='ocrx_word' id='word_1_95' title='bbox 303 997 490 1032; x_wconf 87' lang='lat' dir='ltr'>mantellum</span> <span class='ocrx_word' id='word_1_96' title='bbox 511 997 719 1043; x_wconf 76' lang='lat' dir='ltr'>longitudinis</span> <span class='ocrx_word' id='word_1_97' title='bbox 741 1005 771 1031; x_wconf 87' lang='lat' dir='ltr'>et</span> <span class='ocrx_word' id='word_1_98' title='bbox 794 996 968 1030; x_wconf 86' lang='lat' dir='ltr'>latitudinis</span> <span class='ocrx_word' id='word_1_99' title='bbox 984 1008 1058 1030; x_wconf 84' lang='lat' dir='ltr'>con-</span> 
     </span>
     <span class='ocr_line' id='line_1_20' title="bbox 303 1045 1058 1093; baseline -0.003 -12"><span class='ocrx_word' id='word_1_100' title='bbox 303 1046 460 1093; x_wconf 80' lang='lat' dir='ltr'>gruentis,</span> <span class='ocrx_word' id='word_1_101' title='bbox 474 1046 599 1082; x_wconf 79' lang='lat' dir='ltr'>ethaeo</span> <span class='ocrx_word' id='word_1_102' title='bbox 621 1046 803 1080; x_wconf 87' lang='lat' dir='ltr'>indumenta</span> <span class='ocrx_word' id='word_1_103' title='bbox 820 1045 881 1079; x_wconf 87' lang='lat' dir='ltr'>sint</span> <span class='ocrx_word' id='word_1_104' title='bbox 894 1045 932 1080; x_wconf 90' lang='lat' dir='ltr'>de</span> <span class='ocrx_word' id='word_1_105' title='bbox 953 1057 1058 1091; x_wconf 87' lang='lat' dir='ltr'>panno</span> 
     </span>
     <span class='ocr_line' id='line_1_21' title="bbox 304 1094 1057 1143; baseline 0 -15"><span class='ocrx_word' id='word_1_106' title='bbox 304 1097 355 1130; x_wconf 63' lang='lat' dir='ltr'>vili</span> <span class='ocrx_word' id='word_1_107' title='bbox 385 1105 445 1130; x_wconf 87' lang='lat' dir='ltr'>tam</span> <span class='ocrx_word' id='word_1_108' title='bbox 476 1097 594 1143; x_wconf 86' lang='lat' dir='ltr'>pretio,</span> <span class='ocrx_word' id='word_1_109' title='bbox 621 1107 714 1142; x_wconf 85' lang='lat' dir='ltr'>quam</span> <span class='ocrx_word' id='word_1_110' title='bbox 744 1095 868 1137; x_wconf 79' lang='lat' dir='ltr'>colore,</span> <span class='ocrx_word' id='word_1_111' title='bbox 902 1095 984 1129; x_wconf 81' lang='lat' dir='ltr'>iuxta</span> <span class='ocrx_word' id='word_1_112' title='bbox 1007 1094 1057 1129; x_wconf 86' lang='lat' dir='ltr'>di-</span> 
     </span>
     <span class='ocr_line' id='line_1_22' title="bbox 305 1143 1058 1190; baseline -0.003 -11"><span class='ocrx_word' id='word_1_113' title='bbox 305 1157 467 1180; x_wconf 86' lang='lat' dir='ltr'>versarum</span> <span class='ocrx_word' id='word_1_114' title='bbox 499 1145 764 1179; x_wconf 79' lang='lat' dir='ltr'>consuetudinem</span> <span class='ocrx_word' id='word_1_115' title='bbox 794 1144 972 1190; x_wconf 86' lang='lat' dir='ltr'>regionum.</span> <span class='ocrx_word' id='word_1_116' title='bbox 996 1143 1058 1179; x_wconf 89' lang='lat' dir='ltr'>Pro</span> 
     </span>
     <span class='ocr_line' id='line_1_23' title="bbox 304 1193 1058 1241; baseline -0.003 -11"><span class='ocrx_word' id='word_1_117' title='bbox 304 1195 433 1241; x_wconf 78' lang='lat' dir='ltr'>cingulo</span> <span class='ocrx_word' id='word_1_118' title='bbox 463 1204 569 1230; x_wconf 82' lang='lat' dir='ltr'>autem</span> <span class='ocrx_word' id='word_1_119' title='bbox 604 1193 754 1228; x_wconf 78' lang='lat' dir='ltr'>chordam</span> <span class='ocrx_word' id='word_1_120' title='bbox 785 1193 930 1233; x_wconf 73' lang='lat' dir='ltr'>habeant,</span> <span class='ocrx_word' id='word_1_121' title='bbox 963 1204 1058 1228; x_wconf 81' lang='lat' dir='ltr'>exce-</span> 
     </span>
     <span class='ocr_line' id='line_1_24' title="bbox 305 1242 1059 1291; baseline -0.001 -13"><span class='ocrx_word' id='word_1_122' title='bbox 305 1245 368 1291; x_wconf 87' lang='lat' dir='ltr'>ptis</span> <span class='ocrx_word' id='word_1_123' title='bbox 394 1244 556 1278; x_wconf 86' lang='lat' dir='ltr'>sororibus</span> <span class='ocrx_word' id='word_1_124' title='bbox 588 1242 813 1286; x_wconf 84' lang='lat' dir='ltr'>servientibus,</span> <span class='ocrx_word' id='word_1_125' title='bbox 841 1254 921 1290; x_wconf 88' lang='lat' dir='ltr'>quae</span> <span class='ocrx_word' id='word_1_126' title='bbox 949 1243 1059 1289; x_wconf 82' lang='lat' dir='ltr'>cingu-</span> 
     </span>
     <span class='ocr_line' id='line_1_25' title="bbox 306 1292 1056 1340; baseline -0.003 -13"><span class='ocrx_word' id='word_1_127' title='bbox 306 1294 370 1328; x_wconf 85' lang='lat' dir='ltr'>lum</span> <span class='ocrx_word' id='word_1_128' title='bbox 412 1301 537 1340; x_wconf 86' lang='lat' dir='ltr'>portent</span> <span class='ocrx_word' id='word_1_129' title='bbox 574 1292 700 1327; x_wconf 85' lang='lat' dir='ltr'>laneum</span> <span class='ocrx_word' id='word_1_130' title='bbox 736 1300 766 1327; x_wconf 92' lang='lat' dir='ltr'>et</span> <span class='ocrx_word' id='word_1_131' title='bbox 793 1304 854 1327; x_wconf 91' lang='lat' dir='ltr'>non</span> <span class='ocrx_word' id='word_1_132' title='bbox 894 1292 1056 1327; x_wconf 81' lang='lat' dir='ltr'>chordam.</span> 
     </span>
     <span class='ocr_line' id='line_1_26' title="bbox 307 1341 1057 1388; baseline -0.003 -11"><span class='ocrx_word' id='word_1_133' title='bbox 307 1341 449 1377; x_wconf 84' lang='lat' dir='ltr'>Habeant</span> <span class='ocrx_word' id='word_1_134' title='bbox 487 1351 517 1377; x_wconf 91' lang='lat' dir='ltr'>et</span> <span class='ocrx_word' id='word_1_135' title='bbox 549 1341 725 1388; x_wconf 75' lang='lat' dir='ltr'>scapularia</span> <span class='ocrx_word' id='word_1_136' title='bbox 759 1342 828 1376; x_wconf 86' lang='lat' dir='ltr'>sine</span> <span class='ocrx_word' id='word_1_137' title='bbox 859 1341 991 1388; x_wconf 86' lang='lat' dir='ltr'>capucio</span> <span class='ocrx_word' id='word_1_138' title='bbox 1018 1341 1057 1376; x_wconf 90' lang='lat' dir='ltr'>de</span> 
     </span>
     <span class='ocr_line' id='line_1_27' title="bbox 309 1390 1059 1438; baseline 0 -13"><span class='ocrx_word' id='word_1_139' title='bbox 309 1392 364 1426; x_wconf 81' lang='lat' dir='ltr'>levi</span> <span class='ocrx_word' id='word_1_140' title='bbox 389 1400 418 1425; x_wconf 91' lang='lat' dir='ltr'>et</span> <span class='ocrx_word' id='word_1_141' title='bbox 440 1391 587 1438; x_wconf 79' lang='lat' dir='ltr'>religioso</span> <span class='ocrx_word' id='word_1_142' title='bbox 611 1402 732 1437; x_wconf 79' lang='lat' dir='ltr'>panim,</span> <span class='ocrx_word' id='word_1_143' title='bbox 755 1390 801 1425; x_wconf 73' lang='lat' dir='ltr'>vel</span> <span class='ocrx_word' id='word_1_144' title='bbox 824 1391 976 1425; x_wconf 86' lang='lat' dir='ltr'>staminea</span> <span class='ocrx_word' id='word_1_145' title='bbox 996 1403 1059 1425; x_wconf 88' lang='lat' dir='ltr'>am-</span> 
     </span>
     <span class='ocr_line' id='line_1_28' title="bbox 308 1439 1058 1488; baseline 0.001 -15"><span class='ocrx_word' id='word_1_146' title='bbox 308 1441 472 1488; x_wconf 86' lang='lat' dir='ltr'>plitudinis</span> <span class='ocrx_word' id='word_1_147' title='bbox 510 1449 539 1474; x_wconf 86' lang='lat' dir='ltr'>et</span> <span class='ocrx_word' id='word_1_148' title='bbox 580 1439 793 1485; x_wconf 70' lang='lat' dir='ltr'>longitudinis</span> <span class='ocrx_word' id='word_1_149' title='bbox 831 1441 1058 1485; x_wconf 77' lang='lat' dir='ltr'>congruentis,</span> 
     </span>
     <span class='ocr_line' id='line_1_29' title="bbox 307 1488 1057 1536; baseline -0.001 -13"><span class='ocrx_word' id='word_1_150' title='bbox 307 1490 388 1524; x_wconf 87' lang='lat' dir='ltr'>sicut</span> <span class='ocrx_word' id='word_1_151' title='bbox 420 1490 515 1524; x_wconf 86' lang='lat' dir='ltr'>unius</span> <span class='ocrx_word' id='word_1_152' title='bbox 537 1490 691 1536; x_wconf 85' lang='lat' dir='ltr'>cuiusque</span> <span class='ocrx_word' id='word_1_153' title='bbox 721 1489 853 1535; x_wconf 75' lang='lat' dir='ltr'>qualitas</span> <span class='ocrx_word' id='word_1_154' title='bbox 874 1489 984 1534; x_wconf 80' lang='lat' dir='ltr'>exigit,</span> <span class='ocrx_word' id='word_1_155' title='bbox 1012 1488 1057 1523; x_wconf 87' lang='lat' dir='ltr'>vel</span> 
     </span>
     <span class='ocr_line' id='line_1_30' title="bbox 309 1538 1058 1586; baseline 0 -14"><span class='ocrx_word' id='word_1_156' title='bbox 309 1551 467 1578; x_wconf 79' lang='lat' dir='ltr'>mensura,</span> <span class='ocrx_word' id='word_1_157' title='bbox 485 1539 602 1586; x_wconf 87' lang='lat' dir='ltr'>quibus</span> <span class='ocrx_word' id='word_1_158' title='bbox 625 1538 796 1572; x_wconf 78' lang='lat' dir='ltr'>induamur</span> <span class='ocrx_word' id='word_1_159' title='bbox 810 1550 882 1572; x_wconf 85' lang='lat' dir='ltr'>curn</span> <span class='ocrx_word' id='word_1_160' title='bbox 907 1538 1058 1577; x_wconf 87' lang='lat' dir='ltr'>laborant</span> 
     </span>
     <span class='ocr_line' id='line_1_31' title="bbox 310 1586 1059 1634; baseline 0 -14"><span class='ocrx_word' id='word_1_161' title='bbox 310 1589 355 1623; x_wconf 80' lang='lat' dir='ltr'>vel</span> <span class='ocrx_word' id='word_1_162' title='bbox 379 1588 497 1634; x_wconf 86' lang='lat' dir='ltr'>aliquid</span> <span class='ocrx_word' id='word_1_163' title='bbox 531 1587 591 1622; x_wconf 88' lang='lat' dir='ltr'>tale</span> <span class='ocrx_word' id='word_1_164' title='bbox 617 1595 727 1633; x_wconf 79' lang='lat' dir='ltr'>agunt,</span> <span class='ocrx_word' id='word_1_165' title='bbox 749 1586 832 1634; x_wconf 90' lang='lat' dir='ltr'>qnod</span> <span class='ocrx_word' id='word_1_166' title='bbox 862 1587 952 1634; x_wconf 87' lang='lat' dir='ltr'>pallia</span> <span class='ocrx_word' id='word_1_167' title='bbox 981 1599 1059 1621; x_wconf 91' lang='lat' dir='ltr'>con-</span> 
     </span>
     <span class='ocr_line' id='line_1_32' title="bbox 308 1636 1059 1683; baseline -0.001 -12"><span class='ocrx_word' id='word_1_168' title='bbox 308 1649 384 1683; x_wconf 81' lang='lat' dir='ltr'>grue</span> <span class='ocrx_word' id='word_1_169' title='bbox 407 1645 530 1683; x_wconf 69' lang='lat' dir='ltr'>gestare</span> <span class='ocrx_word' id='word_1_170' title='bbox 553 1649 615 1671; x_wconf 90' lang='lat' dir='ltr'>non</span> <span class='ocrx_word' id='word_1_171' title='bbox 640 1646 782 1682; x_wconf 89' lang='lat' dir='ltr'>possunt.</span> <span class='ocrx_word' id='word_1_172' title='bbox 806 1637 840 1670; x_wconf 82' lang='lat' dir='ltr'>Si</span> <span class='ocrx_word' id='word_1_173' title='bbox 864 1645 966 1671; x_wconf 86' lang='lat' dir='ltr'>tamen</span> <span class='ocrx_word' id='word_1_174' title='bbox 990 1636 1059 1670; x_wconf 86' lang='lat' dir='ltr'>illae</span> 
     </span>
     <span class='ocr_line' id='line_1_33' title="bbox 308 1685 1059 1728; baseline -0.001 -8"><span class='ocrx_word' id='word_1_175' title='bbox 308 1685 404 1721; x_wconf 89' lang='lat' dir='ltr'>simul</span> <span class='ocrx_word' id='word_1_176' title='bbox 440 1686 556 1721; x_wconf 81' lang='lat' dir='ltr'>habere</span> <span class='ocrx_word' id='word_1_177' title='bbox 590 1686 746 1720; x_wconf 81' lang='lat' dir='ltr'>voluerint</span> <span class='ocrx_word' id='word_1_178' title='bbox 779 1698 851 1719; x_wconf 81' lang='lat' dir='ltr'>cum</span> <span class='ocrx_word' id='word_1_179' title='bbox 887 1685 1059 1728; x_wconf 83' lang='lat' dir='ltr'>mantellis,</span> 
     </span>
     <span class='ocr_line' id='line_1_34' title="bbox 309 1734 1061 1781; baseline -0.001 -12"><span class='ocrx_word' id='word_1_180' title='bbox 309 1735 356 1770; x_wconf 88' lang='lat' dir='ltr'>vel</span> <span class='ocrx_word' id='word_1_181' title='bbox 380 1735 472 1770; x_wconf 83' lang='lat' dir='ltr'>etiam</span> <span class='ocrx_word' id='word_1_182' title='bbox 500 1735 602 1769; x_wconf 87' lang='lat' dir='ltr'>iacere</span> <span class='ocrx_word' id='word_1_183' title='bbox 624 1746 696 1769; x_wconf 90' lang='lat' dir='ltr'>cum</span> <span class='ocrx_word' id='word_1_184' title='bbox 721 1734 781 1769; x_wconf 86' lang='lat' dir='ltr'>illis</span> <span class='ocrx_word' id='word_1_185' title='bbox 803 1735 933 1770; x_wconf 86' lang='lat' dir='ltr'>minime</span> <span class='ocrx_word' id='word_1_186' title='bbox 957 1735 1061 1781; x_wconf 84' lang='lat' dir='ltr'>prohi-</span> 
     </span>
     <span class='ocr_line' id='line_1_35' title="bbox 309 1783 1060 1831; baseline -0.003 -12"><span class='ocrx_word' id='word_1_187' title='bbox 309 1784 440 1819; x_wconf 82' lang='lat' dir='ltr'>bentur:</span> <span class='ocrx_word' id='word_1_188' title='bbox 474 1792 607 1831; x_wconf 90' lang='lat' dir='ltr'>possunt</span> <span class='ocrx_word' id='word_1_189' title='bbox 634 1792 663 1818; x_wconf 90' lang='lat' dir='ltr'>et</span> <span class='ocrx_word' id='word_1_190' title='bbox 690 1783 759 1818; x_wconf 87' lang='lat' dir='ltr'>sine</span> <span class='ocrx_word' id='word_1_191' title='bbox 788 1784 864 1829; x_wconf 84' lang='lat' dir='ltr'>ipsis</span> <span class='ocrx_word' id='word_1_192' title='bbox 893 1784 1060 1830; x_wconf 84' lang='lat' dir='ltr'>aliquando</span> 
     </span>
     <span class='ocr_line' id='line_1_36' title="bbox 308 1832 1059 1872; baseline 0 -5"><span class='ocrx_word' id='word_1_193' title='bbox 308 1846 395 1872; x_wconf 81' lang='lat' dir='ltr'>osse,</span> <span class='ocrx_word' id='word_1_194' title='bbox 423 1833 449 1867; x_wconf 86' lang='lat' dir='ltr'>si</span> <span class='ocrx_word' id='word_1_195' title='bbox 486 1834 587 1868; x_wconf 78' lang='lat' dir='ltr'>visum</span> <span class='ocrx_word' id='word_1_196' title='bbox 626 1832 719 1868; x_wconf 85' lang='lat' dir='ltr'>fuerit</span> <span class='ocrx_word' id='word_1_197' title='bbox 755 1832 952 1870; x_wconf 75' lang='lat' dir='ltr'>abbatissae,</span> <span class='ocrx_word' id='word_1_198' title='bbox 987 1845 1059 1867; x_wconf 91' lang='lat' dir='ltr'>cum</span> 
     </span>
     <span class='ocr_line' id='line_1_37' title="bbox 308 1881 1062 1929; baseline -0.001 -12"><span class='ocrx_word' id='word_1_199' title='bbox 308 1882 387 1918; x_wconf 80' lang='lat' dir='ltr'>sorte</span> <span class='ocrx_word' id='word_1_200' title='bbox 416 1891 544 1929; x_wconf 88' lang='lat' dir='ltr'>propter</span> <span class='ocrx_word' id='word_1_201' title='bbox 569 1881 705 1917; x_wconf 86' lang='lat' dir='ltr'>calorem</span> <span class='ocrx_word' id='word_1_202' title='bbox 734 1882 886 1925; x_wconf 89' lang='lat' dir='ltr'>nimium,</span> <span class='ocrx_word' id='word_1_203' title='bbox 921 1882 967 1917; x_wconf 84' lang='lat' dir='ltr'>vel</span> <span class='ocrx_word' id='word_1_204' title='bbox 1002 1882 1062 1916; x_wconf 88' lang='lat' dir='ltr'>ali-</span> 
     </span>
     <span class='ocr_line' id='line_1_38' title="bbox 308 1930 1061 1979; baseline 0.001 -15"><span class='ocrx_word' id='word_1_205' title='bbox 308 1932 384 1979; x_wconf 89' lang='lat' dir='ltr'>qnid</span> <span class='ocrx_word' id='word_1_206' title='bbox 407 1931 491 1966; x_wconf 87' lang='lat' dir='ltr'>aliud</span> <span class='ocrx_word' id='word_1_207' title='bbox 520 1932 566 1966; x_wconf 90' lang='lat' dir='ltr'>eis</span> <span class='ocrx_word' id='word_1_208' title='bbox 587 1931 690 1977; x_wconf 78' lang='lat' dir='ltr'>gravia</span> <span class='ocrx_word' id='word_1_209' title='bbox 718 1931 854 1965; x_wconf 89' lang='lat' dir='ltr'>multum</span> <span class='ocrx_word' id='word_1_210' title='bbox 883 1930 998 1965; x_wconf 87' lang='lat' dir='ltr'>suerint</span> <span class='ocrx_word' id='word_1_211' title='bbox 1022 1931 1061 1965; x_wconf 91' lang='lat' dir='ltr'>ad</span> 
     </span>
     <span class='ocr_line' id='line_1_39' title="bbox 311 1980 1062 2028; baseline -0.001 -13"><span class='ocrx_word' id='word_1_212' title='bbox 311 1981 511 2028; x_wconf 89' lang='lat' dir='ltr'>portandum.</span> <span class='ocrx_word' id='word_1_213' title='bbox 551 1980 661 2021; x_wconf 83' lang='lat' dir='ltr'>Vittis‚</span> <span class='ocrx_word' id='word_1_214' title='bbox 698 1987 753 2015; x_wconf 86' lang='lat' dir='ltr'>aut</span> <span class='ocrx_word' id='word_1_215' title='bbox 793 1980 894 2026; x_wconf 80' lang='lat' dir='ltr'>peplis</span> <span class='ocrx_word' id='word_1_216' title='bbox 931 1981 1062 2015; x_wconf 87' lang='lat' dir='ltr'>omnino</span> 
     </span>
     <span class='ocr_line' id='line_1_40' title="bbox 310 2029 1063 2076; baseline 0 -12"><span class='ocrx_word' id='word_1_217' title='bbox 310 2030 400 2071; x_wconf 82' lang='lat' dir='ltr'>albis,</span> <span class='ocrx_word' id='word_1_218' title='bbox 423 2042 484 2064; x_wconf 92' lang='lat' dir='ltr'>non</span> <span class='ocrx_word' id='word_1_219' title='bbox 509 2038 612 2064; x_wconf 88' lang='lat' dir='ltr'>tamen</span> <span class='ocrx_word' id='word_1_220' title='bbox 636 2029 776 2069; x_wconf 77' lang='lat' dir='ltr'>cunosis,</span> <span class='ocrx_word' id='word_1_221' title='bbox 799 2030 899 2076; x_wconf 79' lang='lat' dir='ltr'>capita</span> <span class='ocrx_word' id='word_1_222' title='bbox 912 2041 966 2064; x_wconf 88' lang='lat' dir='ltr'>sua</span> <span class='ocrx_word' id='word_1_223' title='bbox 988 2041 1063 2064; x_wconf 90' lang='lat' dir='ltr'>coo-</span> 
     </span>
     <span class='ocr_line' id='line_1_41' title="bbox 311 2077 1061 2127; baseline -0.001 -14"><span class='ocrx_word' id='word_1_224' title='bbox 311 2079 431 2127; x_wconf 87' lang='lat' dir='ltr'>periant</span> <span class='ocrx_word' id='word_1_225' title='bbox 460 2079 661 2113; x_wconf 70' lang='lat' dir='ltr'>uniformiter</span> <span class='ocrx_word' id='word_1_226' title='bbox 689 2087 719 2113; x_wconf 86' lang='lat' dir='ltr'>et</span> <span class='ocrx_word' id='word_1_227' title='bbox 740 2078 885 2121; x_wconf 78' lang='lat' dir='ltr'>honeste,</span> <span class='ocrx_word' id='word_1_228' title='bbox 915 2079 955 2112; x_wconf 88' lang='lat' dir='ltr'>ita</span> <span class='ocrx_word' id='word_1_229' title='bbox 977 2077 1061 2125; x_wconf 89' lang='lat' dir='ltr'>quod</span> 
     </span>
     <span class='ocr_line' id='line_1_42' title="bbox 311 2127 1062 2174; baseline -0.003 -11"><span class='ocrx_word' id='word_1_230' title='bbox 311 2129 410 2172; x_wconf 78' lang='lat' dir='ltr'>frons,</span> <span class='ocrx_word' id='word_1_231' title='bbox 432 2141 530 2174; x_wconf 79' lang='lat' dir='ltr'>genae</span> <span class='ocrx_word' id='word_1_232' title='bbox 558 2136 589 2162; x_wconf 91' lang='lat' dir='ltr'>et</span> <span class='ocrx_word' id='word_1_233' title='bbox 610 2128 726 2163; x_wconf 85' lang='lat' dir='ltr'>collum</span> <span class='ocrx_word' id='word_1_234' title='bbox 750 2127 825 2171; x_wconf 82' lang='lat' dir='ltr'>sint,</span> <span class='ocrx_word' id='word_1_235' title='bbox 852 2135 883 2161; x_wconf 86' lang='lat' dir='ltr'>ut</span> <span class='ocrx_word' id='word_1_236' title='bbox 907 2128 1062 2167; x_wconf 69' lang='lat' dir='ltr'>convenit,</span> 
     </span>
     <span class='ocr_line' id='line_1_43' title="bbox 312 2178 1065 2224; baseline -0.001 -12"><span class='ocrx_word' id='word_1_237' title='bbox 312 2186 471 2224; x_wconf 88' lang='lat' dir='ltr'>cooperta,</span> <span class='ocrx_word' id='word_1_238' title='bbox 499 2189 557 2212; x_wconf 86' lang='lat' dir='ltr'>nec</span> <span class='ocrx_word' id='word_1_239' title='bbox 579 2178 668 2212; x_wconf 90' lang='lat' dir='ltr'>aliter</span> <span class='ocrx_word' id='word_1_240' title='bbox 689 2188 794 2211; x_wconf 85' lang='lat' dir='ltr'>coram</span> <span class='ocrx_word' id='word_1_241' title='bbox 817 2178 974 2211; x_wconf 82' lang='lat' dir='ltr'>extraneis</span> <span class='ocrx_word' id='word_1_242' title='bbox 997 2188 1065 2223; x_wconf 83' lang='lat' dir='ltr'>per-</span> 
     </span>
     <span class='ocr_line' id='line_1_44' title="bbox 312 2225 1065 2273; baseline -0.003 -12"><span class='ocrx_word' id='word_1_243' title='bbox 312 2227 399 2262; x_wconf 87' lang='lat' dir='ltr'>sonis</span> <span class='ocrx_word' id='word_1_244' title='bbox 425 2227 562 2262; x_wconf 88' lang='lat' dir='ltr'>audeant</span> <span class='ocrx_word' id='word_1_245' title='bbox 592 2238 756 2273; x_wconf 84' lang='lat' dir='ltr'>apparere.</span> <span class='ocrx_word' id='word_1_246' title='bbox 780 2225 923 2261; x_wconf 78' lang='lat' dir='ltr'>Habeant</span> <span class='ocrx_word' id='word_1_247' title='bbox 951 2233 982 2259; x_wconf 90' lang='lat' dir='ltr'>et</span> <span class='ocrx_word' id='word_1_248' title='bbox 1016 2226 1065 2260; x_wconf 91' lang='lat' dir='ltr'>ni-</span> 
     </span>
     <span class='ocr_line' id='line_1_45' title="bbox 313 2275 1065 2322; baseline -0.001 -13"><span class='ocrx_word' id='word_1_249' title='bbox 313 2288 404 2322; x_wconf 86' lang='lat' dir='ltr'>grum</span> <span class='ocrx_word' id='word_1_250' title='bbox 434 2276 534 2310; x_wconf 83' lang='lat' dir='ltr'>velum</span> <span class='ocrx_word' id='word_1_251' title='bbox 568 2285 734 2311; x_wconf 82' lang='lat' dir='ltr'>extensum</span> <span class='ocrx_word' id='word_1_252' title='bbox 758 2287 852 2321; x_wconf 88' lang='lat' dir='ltr'>super</span> <span class='ocrx_word' id='word_1_253' title='bbox 879 2276 996 2322; x_wconf 87' lang='lat' dir='ltr'>capita,</span> <span class='ocrx_word' id='word_1_254' title='bbox 1024 2275 1065 2309; x_wconf 85' lang='lat' dir='ltr'>ita</span> 
     </span>
     <span class='ocr_line' id='line_1_46' title="bbox 314 2324 1066 2372; baseline 0 -14"><span class='ocrx_word' id='word_1_255' title='bbox 314 2324 453 2371; x_wconf 83' lang='lat' dir='ltr'>amplum</span> <span class='ocrx_word' id='word_1_256' title='bbox 477 2334 508 2360; x_wconf 89' lang='lat' dir='ltr'>et</span> <span class='ocrx_word' id='word_1_257' title='bbox 534 2324 678 2371; x_wconf 84' lang='lat' dir='ltr'>longum,</span> <span class='ocrx_word' id='word_1_258' title='bbox 706 2324 789 2372; x_wconf 85' lang='lat' dir='ltr'>quod</span> <span class='ocrx_word' id='word_1_259' title='bbox 818 2336 854 2359; x_wconf 80' lang='lat' dir='ltr'>ex</span> <span class='ocrx_word' id='word_1_260' title='bbox 877 2336 1066 2371; x_wconf 86' lang='lat' dir='ltr'>unaquaque</span> 
     </span>
     <span class='ocr_line' id='line_1_47' title="bbox 316 2374 1067 2422; baseline 0 -15"><span class='ocrx_word' id='word_1_261' title='bbox 316 2383 402 2420; x_wconf 83' lang='lat' dir='ltr'>parte</span> <span class='ocrx_word' id='word_1_262' title='bbox 437 2374 605 2409; x_wconf 79' lang='lat' dir='ltr'>descendat</span> <span class='ocrx_word' id='word_1_263' title='bbox 643 2385 744 2422; x_wconf 82' lang='lat' dir='ltr'>usque</span> <span class='ocrx_word' id='word_1_264' title='bbox 779 2374 816 2408; x_wconf 89' lang='lat' dir='ltr'>ad</span> <span class='ocrx_word' id='word_1_265' title='bbox 849 2374 1003 2420; x_wconf 85' lang='lat' dir='ltr'>scapulas,</span> <span class='ocrx_word' id='word_1_266' title='bbox 1037 2381 1067 2407; x_wconf 89' lang='lat' dir='ltr'>et</span> 
     </span>
     <span class='ocr_line' id='line_1_48' title="bbox 317 2424 1067 2470; baseline 0.004 -15"><span class='ocrx_word' id='word_1_267' title='bbox 317 2431 397 2457; x_wconf 88' lang='lat' dir='ltr'>retro</span> <span class='ocrx_word' id='word_1_268' title='bbox 422 2435 548 2469; x_wconf 76' lang='lat' dir='ltr'>parvum</span> <span class='ocrx_word' id='word_1_269' title='bbox 567 2424 646 2458; x_wconf 90' lang='lat' dir='ltr'>ultra</span> <span class='ocrx_word' id='word_1_270' title='bbox 670 2424 793 2458; x_wconf 88' lang='lat' dir='ltr'>tunicae</span> <span class='ocrx_word' id='word_1_271' title='bbox 811 2424 974 2470; x_wconf 87' lang='lat' dir='ltr'>caputium</span> <span class='ocrx_word' id='word_1_272' title='bbox 994 2434 1067 2469; x_wconf 88' lang='lat' dir='ltr'>pro-</span> 
     </span>
     <span class='ocr_line' id='line_1_49' title="bbox 317 2472 1065 2508; baseline 0.004 -4"><span class='ocrx_word' id='word_1_273' title='bbox 317 2472 472 2506; x_wconf 76' lang='lat' dir='ltr'>tendatur.</span> <span class='ocrx_word' id='word_1_274' title='bbox 507 2472 640 2508; x_wconf 81' lang='lat' dir='ltr'>Sorores</span> <span class='ocrx_word' id='word_1_275' title='bbox 678 2485 750 2508; x_wconf 72' lang='lat' dir='ltr'>tero</span> <span class='ocrx_word' id='word_1_276' title='bbox 791 2474 926 2508; x_wconf 84' lang='lat' dir='ltr'>novitiae</span> <span class='ocrx_word' id='word_1_277' title='bbox 960 2473 1065 2507; x_wconf 90' lang='lat' dir='ltr'>album</span> 
     </span>
     <span class='ocr_line' id='line_1_50' title="bbox 318 2521 1068 2557; baseline 0.004 -4"><span class='ocrx_word' id='word_1_278' title='bbox 318 2521 418 2554; x_wconf 68' lang='lat' dir='ltr'>velum</span> <span class='ocrx_word' id='word_1_279' title='bbox 443 2530 563 2556; x_wconf 86' lang='lat' dir='ltr'>tantum</span> <span class='ocrx_word' id='word_1_280' title='bbox 584 2521 728 2557; x_wconf 89' lang='lat' dir='ltr'>eiusdem</span> <span class='ocrx_word' id='word_1_281' title='bbox 746 2534 913 2557; x_wconf 80' lang='lat' dir='ltr'>mensurae</span> <span class='ocrx_word' id='word_1_282' title='bbox 935 2521 1068 2557; x_wconf 88' lang='lat' dir='ltr'>debeant</span> 
     </span>
     <span class='ocr_line' id='line_1_51' title="bbox 318 2568 1068 2617; baseline 0.007 -17"><span class='ocrx_word' id='word_1_283' title='bbox 318 2568 494 2616; x_wconf 64' lang='lat' dir='ltr'>deportare.</span> <span class='ocrx_word' id='word_1_284' title='bbox 518 2570 698 2606; x_wconf 84' lang='lat' dir='ltr'>Servientes</span> <span class='ocrx_word' id='word_1_285' title='bbox 719 2579 824 2606; x_wconf 87' lang='lat' dir='ltr'>autem</span> <span class='ocrx_word' id='word_1_286' title='bbox 851 2583 976 2606; x_wconf 84' lang='lat' dir='ltr'>sorores</span> <span class='ocrx_word' id='word_1_287' title='bbox 997 2583 1068 2617; x_wconf 86' lang='lat' dir='ltr'>pan·</span> 
     </span>
     <span class='ocr_line' id='line_1_52' title="bbox 319 2619 1068 2656; baseline 0.007 -7"><span class='ocrx_word' id='word_1_288' title='bbox 319 2629 394 2650; x_wconf 87' lang='lat' dir='ltr'>num</span> <span class='ocrx_word' id='word_1_289' title='bbox 430 2619 547 2654; x_wconf 84' lang='lat' dir='ltr'>lineum</span> <span class='ocrx_word' id='word_1_290' title='bbox 579 2621 686 2656; x_wconf 84' lang='lat' dir='ltr'>album</span> <span class='ocrx_word' id='word_1_291' title='bbox 716 2621 753 2656; x_wconf 87' lang='lat' dir='ltr'>ad</span> <span class='ocrx_word' id='word_1_292' title='bbox 782 2620 910 2656; x_wconf 83' lang='lat' dir='ltr'>modum</span> <span class='ocrx_word' id='word_1_293' title='bbox 946 2621 1068 2656; x_wconf 85' lang='lat' dir='ltr'>tunicae</span> 
     </span>
    </p>
   </div>
   <div class='ocr_carea' id='block_1_5' title="bbox 901 251 1280 276">
    <p class='ocr_par' dir='ltr' id='par_1_5' title="bbox 901 251 1280 276">
     <span class='ocr_line' id='line_1_53' title="bbox 901 251 1280 276; baseline -0.003 -1"><span class='ocrx_word' id='word_1_294' title='bbox 901 252 1037 276; x_wconf 73' lang='lat' dir='ltr'>BULLARi</span> <span class='ocrx_word' id='word_1_295' title='bbox 1044 252 1089 274; x_wconf 74' lang='lat' dir='ltr'>[M</span> <span class='ocrx_word' id='word_1_296' title='bbox 1116 251 1280 274; x_wconf 71' lang='lat' dir='ltr'>ROMANUM</span> 
     </span>
    </p>
   </div>
   <div class='ocr_carea' id='block_1_6' title="bbox 1097 306 1858 2667">
    <p class='ocr_par' dir='ltr' id='par_1_6' title="bbox 1097 306 1858 2667">
     <span class='ocr_line' id='line_1_54' title="bbox 1097 306 1847 355; baseline 0.004 -15"><span class='ocrx_word' id='word_1_297' title='bbox 1097 318 1192 353; x_wconf 88' lang='lat' dir='ltr'>super</span> <span class='ocrx_word' id='word_1_298' title='bbox 1214 307 1315 354; x_wconf 84' lang='lat' dir='ltr'>capita</span> <span class='ocrx_word' id='word_1_299' title='bbox 1343 319 1398 341; x_wconf 87' lang='lat' dir='ltr'>sua</span> <span class='ocrx_word' id='word_1_300' title='bbox 1420 306 1563 343; x_wconf 88' lang='lat' dir='ltr'>deferant</span> <span class='ocrx_word' id='word_1_301' title='bbox 1585 308 1847 355; x_wconf 75' lang='lat' dir='ltr'>tantaelongitu-</span> 
     </span>
     <span class='ocr_line' id='line_1_55' title="bbox 1097 355 1846 404; baseline 0.003 -15"><span class='ocrx_word' id='word_1_302' title='bbox 1097 355 1181 390; x_wconf 86' lang='lat' dir='ltr'>dinis</span> <span class='ocrx_word' id='word_1_303' title='bbox 1212 364 1244 390; x_wconf 88' lang='lat' dir='ltr'>et</span> <span class='ocrx_word' id='word_1_304' title='bbox 1272 355 1506 403; x_wconf 78' lang='lat' dir='ltr'>amplitudinis,</span> <span class='ocrx_word' id='word_1_305' title='bbox 1540 357 1622 403; x_wconf 89' lang='lat' dir='ltr'>quod</span> <span class='ocrx_word' id='word_1_306' title='bbox 1658 357 1742 404; x_wconf 88' lang='lat' dir='ltr'>ipsas</span> <span class='ocrx_word' id='word_1_307' title='bbox 1768 369 1846 392; x_wconf 84' lang='lat' dir='ltr'>sca—</span> 
     </span>
     <span class='ocr_line' id='line_1_56' title="bbox 1099 404 1845 453; baseline 0.003 -14"><span class='ocrx_word' id='word_1_308' title='bbox 1099 404 1201 450; x_wconf 75' lang='lat' dir='ltr'>putas,</span> <span class='ocrx_word' id='word_1_309' title='bbox 1215 412 1310 452; x_wconf 86' lang='lat' dir='ltr'>atque</span> <span class='ocrx_word' id='word_1_310' title='bbox 1323 413 1444 452; x_wconf 90' lang='lat' dir='ltr'>pectus,</span> <span class='ocrx_word' id='word_1_311' title='bbox 1459 406 1626 453; x_wconf 83' lang='lat' dir='ltr'>praecipue</span> <span class='ocrx_word' id='word_1_312' title='bbox 1635 418 1707 441; x_wconf 86' lang='lat' dir='ltr'>cum</span> <span class='ocrx_word' id='word_1_313' title='bbox 1719 415 1845 450; x_wconf 85' lang='lat' dir='ltr'>exeunt,</span> 
     </span>
     <span class='ocr_line' id='line_1_57' title="bbox 1098 453 1845 501; baseline 0.005 -14"><span class='ocrx_word' id='word_1_314' title='bbox 1098 454 1221 489; x_wconf 72' lang='lat' dir='ltr'>valeant</span> <span class='ocrx_word' id='word_1_315' title='bbox 1259 454 1393 501; x_wconf 84' lang='lat' dir='ltr'>operire.</span> <span class='ocrx_word' id='word_1_316' title='bbox 1421 453 1542 490; x_wconf 89' lang='lat' dir='ltr'>Omnes</span> <span class='ocrx_word' id='word_1_317' title='bbox 1573 467 1696 490; x_wconf 88' lang='lat' dir='ltr'>sorores</span> <span class='ocrx_word' id='word_1_318' title='bbox 1729 467 1845 500; x_wconf 83' lang='lat' dir='ltr'>sanae,</span> 
     </span>
     <span class='ocr_line' id='line_1_58' title="bbox 1097 503 1845 550; baseline 0.005 -13"><span class='ocrx_word' id='word_1_319' title='bbox 1097 512 1159 537; x_wconf 86' lang='lat' dir='ltr'>tam</span> <span class='ocrx_word' id='word_1_320' title='bbox 1175 503 1342 543; x_wconf 81' lang='lat' dir='ltr'>abbatissa,</span> <span class='ocrx_word' id='word_1_321' title='bbox 1364 515 1456 550; x_wconf 89' lang='lat' dir='ltr'>quam</span> <span class='ocrx_word' id='word_1_322' title='bbox 1479 504 1557 538; x_wconf 87' lang='lat' dir='ltr'>aliae</span> <span class='ocrx_word' id='word_1_323' title='bbox 1580 505 1681 540; x_wconf 80' lang='lat' dir='ltr'>iacere</span> <span class='ocrx_word' id='word_1_324' title='bbox 1703 504 1733 539; x_wconf 89' lang='lat' dir='ltr'>in</span> <span class='ocrx_word' id='word_1_325' title='bbox 1754 517 1845 546; x_wconf 85' lang='lat' dir='ltr'>com-</span> 
     </span>
     <span class='ocr_line' id='line_1_59' title="bbox 1098 551 1845 609; baseline 0.004 -23"><span class='ocrx_word' id='word_1_326' title='bbox 1098 553 1186 586; x_wconf 90' lang='lat' dir='ltr'>muni</span> <span class='ocrx_word' id='word_1_327' title='bbox 1213 551 1399 588; x_wconf 86' lang='lat' dir='ltr'>dormitorio</span> <span class='ocrx_word' id='word_1_328' title='bbox 1426 561 1602 609; x_wconf 62' lang='lat' dir='ltr'>teneantur,</span> <span class='ocrx_word' id='word_1_329' title='bbox 1629 562 1659 588; x_wconf 88' lang='lat' dir='ltr'>et</span> <span class='ocrx_word' id='word_1_330' title='bbox 1685 553 1845 601; x_wconf 82' lang='lat' dir='ltr'>quaelibet</span> 
     </span>
     <span class='ocr_line' id='line_1_60' title="bbox 1098 601 1845 651; baseline 0.003 -16"><span class='ocrx_word' id='word_1_331' title='bbox 1098 602 1212 644; x_wconf 85' lang='lat' dir='ltr'>lectum</span> <span class='ocrx_word' id='word_1_332' title='bbox 1245 614 1300 649; x_wconf 85' lang='lat' dir='ltr'>per</span> <span class='ocrx_word' id='word_1_333' title='bbox 1327 614 1361 636; x_wconf 88' lang='lat' dir='ltr'>se</span> <span class='ocrx_word' id='word_1_334' title='bbox 1388 601 1501 636; x_wconf 85' lang='lat' dir='ltr'>habeat</span> <span class='ocrx_word' id='word_1_335' title='bbox 1530 603 1597 637; x_wconf 90' lang='lat' dir='ltr'>ab</span> <span class='ocrx_word' id='word_1_336' title='bbox 1591 603 1726 638; x_wconf 84' lang='lat' dir='ltr'>invicem</span> <span class='ocrx_word' id='word_1_337' title='bbox 1753 615 1845 651; x_wconf 91' lang='lat' dir='ltr'>sepa-</span> 
     </span>
     <span class='ocr_line' id='line_1_61' title="bbox 1099 648 1844 707; baseline 0.004 -24"><span class='ocrx_word' id='word_1_338' title='bbox 1099 659 1151 684; x_wconf 78' lang='lat' dir='ltr'>rat·</span> <span class='ocrx_word' id='word_1_339' title='bbox 1183 648 1215 707; x_wconf 70' lang='grc' dir='ltr'>Ῐ’;</span> <span class='ocrx_word' id='word_1_340' title='bbox 1252 651 1352 686; x_wconf 90' lang='lat' dir='ltr'>lectus</span> <span class='ocrx_word' id='word_1_341' title='bbox 1383 659 1486 686; x_wconf 88' lang='lat' dir='ltr'>tamen</span> <span class='ocrx_word' id='word_1_342' title='bbox 1519 651 1695 687; x_wconf 78' lang='lat' dir='ltr'>abbatissae</span> <span class='ocrx_word' id='word_1_343' title='bbox 1727 653 1759 687; x_wconf 87' lang='lat' dir='ltr'>in</span> <span class='ocrx_word' id='word_1_344' title='bbox 1792 652 1844 688; x_wconf 79' lang='lat' dir='ltr'>tali</span> 
     </span>
     <span class='ocr_line' id='line_1_62' title="bbox 1097 687 1845 755; baseline 0.005 -22"><span class='ocrx_word' id='word_1_345' title='bbox 1097 698 1172 734; x_wconf 92' lang='lat' dir='ltr'>loco</span> <span class='ocrx_word' id='word_1_346' title='bbox 1183 687 1363 734; x_wconf 85' lang='lat' dir='ltr'>dormitorii</span> <span class='ocrx_word' id='word_1_347' title='bbox 1391 700 1588 755; x_wconf 77' lang='lat' dir='ltr'>disponatur,</span> <span class='ocrx_word' id='word_1_348' title='bbox 1608 701 1692 748; x_wconf 89' lang='lat' dir='ltr'>quod</span> <span class='ocrx_word' id='word_1_349' title='bbox 1721 702 1750 736; x_wconf 93' lang='lat' dir='ltr'>in</span> <span class='ocrx_word' id='word_1_350' title='bbox 1771 713 1845 737; x_wconf 82' lang='lat' dir='ltr'>cae-</span> 
     </span>
     <span class='ocr_line' id='line_1_63' title="bbox 1098 747 1844 792; baseline 0.004 -9"><span class='ocrx_word' id='word_1_351' title='bbox 1098 757 1180 783; x_wconf 87' lang='lat' dir='ltr'>teros</span> <span class='ocrx_word' id='word_1_352' title='bbox 1206 749 1381 784; x_wconf 89' lang='lat' dir='ltr'>dormitorii</span> <span class='ocrx_word' id='word_1_353' title='bbox 1407 749 1506 784; x_wconf 86' lang='lat' dir='ltr'>lectos</span> <span class='ocrx_word' id='word_1_354' title='bbox 1528 750 1595 784; x_wconf 90' lang='lat' dir='ltr'>sine</span> <span class='ocrx_word' id='word_1_355' title='bbox 1622 747 1798 792; x_wconf 90' lang='lat' dir='ltr'>obstaculo,</span> <span class='ocrx_word' id='word_1_356' title='bbox 1819 751 1844 785; x_wconf 89' lang='lat' dir='ltr'>si</span> 
     </span>
     <span class='ocr_line' id='line_1_64' title="bbox 1099 797 1846 845; baseline 0.004 -13"><span class='ocrx_word' id='word_1_357' title='bbox 1099 797 1247 845; x_wconf 77' lang='lat' dir='ltr'>possibile</span> <span class='ocrx_word' id='word_1_358' title='bbox 1275 807 1333 843; x_wconf 83' lang='lat' dir='ltr'>est,</span> <span class='ocrx_word' id='word_1_359' title='bbox 1368 798 1467 834; x_wconf 85' lang='lat' dir='ltr'>valeat</span> <span class='ocrx_word' id='word_1_360' title='bbox 1500 799 1626 834; x_wconf 85' lang='lat' dir='ltr'>intueri.</span> <span class='ocrx_word' id='word_1_361' title='bbox 1653 799 1762 835; x_wconf 81' lang='lat' dir='ltr'>Liceat</span> <span class='ocrx_word' id='word_1_362' title='bbox 1786 812 1846 835; x_wconf 89' lang='lat' dir='ltr'>au-</span> 
     </span>
     <span class='ocr_line' id='line_1_65' title="bbox 1099 847 1851 896; baseline 0.004 -15"><span class='ocrx_word' id='word_1_363' title='bbox 1099 856 1159 881; x_wconf 87' lang='lat' dir='ltr'>tem</span> <span class='ocrx_word' id='word_1_364' title='bbox 1184 848 1354 894; x_wconf 87' lang='lat' dir='ltr'>unicuique</span> <span class='ocrx_word' id='word_1_365' title='bbox 1368 847 1485 882; x_wconf 87' lang='lat' dir='ltr'>habere</span> <span class='ocrx_word' id='word_1_366' title='bbox 1506 860 1671 884; x_wconf 83' lang='lat' dir='ltr'>sacconem</span> <span class='ocrx_word' id='word_1_367' title='bbox 1689 848 1728 884; x_wconf 88' lang='lat' dir='ltr'>de</span> <span class='ocrx_word' id='word_1_368' title='bbox 1747 849 1851 896; x_wconf 79' lang='lat' dir='ltr'>palea,-</span> 
     </span>
     <span class='ocr_line' id='line_1_66' title="bbox 1098 896 1848 945; baseline 0.003 -15"><span class='ocrx_word' id='word_1_369' title='bbox 1098 896 1144 931; x_wconf 81' lang='lat' dir='ltr'>vel</span> <span class='ocrx_word' id='word_1_370' title='bbox 1174 897 1213 931; x_wconf 90' lang='lat' dir='ltr'>de</span> <span class='ocrx_word' id='word_1_371' title='bbox 1240 897 1344 937; x_wconf 83' lang='lat' dir='ltr'>foeno,</span> <span class='ocrx_word' id='word_1_372' title='bbox 1370 905 1400 931; x_wconf 90' lang='lat' dir='ltr'>et</span> <span class='ocrx_word' id='word_1_373' title='bbox 1423 897 1555 933; x_wconf 81' lang='lat' dir='ltr'>cervical</span> <span class='ocrx_word' id='word_1_374' title='bbox 1583 910 1655 932; x_wconf 83' lang='lat' dir='ltr'>cum</span> <span class='ocrx_word' id='word_1_375' title='bbox 1685 910 1789 945; x_wconf 88' lang='lat' dir='ltr'>panno</span> <span class='ocrx_word' id='word_1_376' title='bbox 1815 898 1848 932; x_wconf 89' lang='lat' dir='ltr'>li-</span> 
     </span>
     <span class='ocr_line' id='line_1_67' title="bbox 1098 946 1845 994; baseline 0.001 -14"><span class='ocrx_word' id='word_1_377' title='bbox 1098 957 1159 980; x_wconf 87' lang='lat' dir='ltr'>neo</span> <span class='ocrx_word' id='word_1_378' title='bbox 1197 946 1418 992; x_wconf 87' lang='lat' dir='ltr'>superposito,</span> <span class='ocrx_word' id='word_1_379' title='bbox 1453 947 1536 994; x_wconf 90' lang='lat' dir='ltr'>quod</span> <span class='ocrx_word' id='word_1_380' title='bbox 1573 946 1612 981; x_wconf 92' lang='lat' dir='ltr'>de</span> <span class='ocrx_word' id='word_1_381' title='bbox 1648 947 1763 991; x_wconf 78' lang='lat' dir='ltr'>foeno,</span> <span class='ocrx_word' id='word_1_382' title='bbox 1789 959 1845 981; x_wconf 90' lang='lat' dir='ltr'>seu</span> 
     </span>
     <span class='ocr_line' id='line_1_68' title="bbox 1099 995 1846 1044; baseline -0.001 -14"><span class='ocrx_word' id='word_1_383' title='bbox 1099 995 1198 1042; x_wconf 86' lang='lat' dir='ltr'>palea,</span> <span class='ocrx_word' id='word_1_384' title='bbox 1225 1003 1278 1030; x_wconf 88' lang='lat' dir='ltr'>aut</span> <span class='ocrx_word' id='word_1_385' title='bbox 1305 997 1391 1035; x_wconf 77' lang='lat' dir='ltr'>lana,</span> <span class='ocrx_word' id='word_1_386' title='bbox 1424 1008 1478 1031; x_wconf 88' lang='lat' dir='ltr'>seu</span> <span class='ocrx_word' id='word_1_387' title='bbox 1506 997 1598 1030; x_wconf 85' lang='lat' dir='ltr'>etiam</span> <span class='ocrx_word' id='word_1_388' title='bbox 1636 996 1743 1044; x_wconf 87' lang='lat' dir='ltr'>pluma</span> <span class='ocrx_word' id='word_1_389' title='bbox 1777 1008 1846 1031; x_wconf 88' lang='lat' dir='ltr'>esse</span> 
     </span>
     <span class='ocr_line' id='line_1_69' title="bbox 1099 1044 1847 1091; baseline -0.001 -12"><span class='ocrx_word' id='word_1_390' title='bbox 1099 1045 1224 1089; x_wconf 82' lang='lat' dir='ltr'>poterit,</span> <span class='ocrx_word' id='word_1_391' title='bbox 1248 1045 1332 1080; x_wconf 85' lang='lat' dir='ltr'>iuxta</span> <span class='ocrx_word' id='word_1_392' title='bbox 1359 1045 1444 1091; x_wconf 89' lang='lat' dir='ltr'>quod</span> <span class='ocrx_word' id='word_1_393' title='bbox 1479 1044 1634 1080; x_wconf 86' lang='lat' dir='ltr'>abbatissa</span> <span class='ocrx_word' id='word_1_394' title='bbox 1663 1045 1847 1081; x_wconf 81' lang='lat' dir='ltr'>iudicaverit</span> 
     </span>
     <span class='ocr_line' id='line_1_70' title="bbox 1099 1093 1846 1130; baseline 0.004 -3"><span class='ocrx_word' id='word_1_395' title='bbox 1099 1093 1291 1129; x_wconf 78' lang='lat' dir='ltr'>faciendum.</span> <span class='ocrx_word' id='word_1_396' title='bbox 1316 1094 1459 1129; x_wconf 89' lang='lat' dir='ltr'>Habeant</span> <span class='ocrx_word' id='word_1_397' title='bbox 1491 1095 1584 1129; x_wconf 88' lang='lat' dir='ltr'>etiam</span> <span class='ocrx_word' id='word_1_398' title='bbox 1614 1094 1744 1130; x_wconf 89' lang='lat' dir='ltr'>honesta</span> <span class='ocrx_word' id='word_1_399' title='bbox 1773 1106 1846 1130; x_wconf 91' lang='lat' dir='ltr'>coo—</span> 
     </span>
     <span class='ocr_line' id='line_1_71' title="bbox 1100 1143 1846 1190; baseline 0.001 -12"><span class='ocrx_word' id='word_1_400' title='bbox 1100 1143 1231 1190; x_wconf 85' lang='lat' dir='ltr'>pertoria</span> <span class='ocrx_word' id='word_1_401' title='bbox 1256 1144 1355 1184; x_wconf 87' lang='lat' dir='ltr'>lanea,</span> <span class='ocrx_word' id='word_1_402' title='bbox 1377 1144 1442 1179; x_wconf 78' lang='lat' dir='ltr'>sive</span> <span class='ocrx_word' id='word_1_403' title='bbox 1457 1144 1572 1179; x_wconf 84' lang='lat' dir='ltr'>cultras</span> <span class='ocrx_word' id='word_1_404' title='bbox 1586 1143 1759 1190; x_wconf 77' lang='lat' dir='ltr'>religiosa3‚</span> <span class='ocrx_word' id='word_1_405' title='bbox 1773 1156 1846 1179; x_wconf 87' lang='lat' dir='ltr'>cum</span> 
     </span>
     <span class='ocr_line' id='line_1_72' title="bbox 1098 1192 1849 1240; baseline 0.003 -14"><span class='ocrx_word' id='word_1_406' title='bbox 1098 1193 1186 1228; x_wconf 87' lang='lat' dir='ltr'>lanea</span> <span class='ocrx_word' id='word_1_407' title='bbox 1227 1192 1345 1228; x_wconf 87' lang='lat' dir='ltr'>habere</span> <span class='ocrx_word' id='word_1_408' title='bbox 1379 1193 1595 1240; x_wconf 83' lang='lat' dir='ltr'>nequiverint3</span> <span class='ocrx_word' id='word_1_409' title='bbox 1635 1201 1849 1240; x_wconf 76' lang='lat' dir='ltr'>congruenter</span> 
     </span>
     <span class='ocr_line' id='line_1_73' title="bbox 1098 1242 1850 1290; baseline 0 -14"><span class='ocrx_word' id='word_1_410' title='bbox 1098 1242 1217 1289; x_wconf 83' lang='lat' dir='ltr'>lampas</span> <span class='ocrx_word' id='word_1_411' title='bbox 1235 1243 1365 1290; x_wconf 87' lang='lat' dir='ltr'>insuper</span> <span class='ocrx_word' id='word_1_412' title='bbox 1386 1242 1424 1277; x_wconf 90' lang='lat' dir='ltr'>de</span> <span class='ocrx_word' id='word_1_413' title='bbox 1448 1250 1540 1278; x_wconf 88' lang='lat' dir='ltr'>nocte</span> <span class='ocrx_word' id='word_1_414' title='bbox 1558 1253 1702 1287; x_wconf 81' lang='lat' dir='ltr'>accensa,</span> <span class='ocrx_word' id='word_1_415' title='bbox 1723 1255 1850 1290; x_wconf 85' lang='lat' dir='ltr'>semper</span> 
     </span>
     <span class='ocr_line' id='line_1_74' title="bbox 1099 1291 1851 1339; baseline -0.001 -13"><span class='ocrx_word' id='word_1_416' title='bbox 1099 1291 1128 1326; x_wconf 91' lang='lat' dir='ltr'>in</span> <span class='ocrx_word' id='word_1_417' title='bbox 1162 1291 1268 1326; x_wconf 85' lang='lat' dir='ltr'>medio</span> <span class='ocrx_word' id='word_1_418' title='bbox 1302 1291 1474 1327; x_wconf 89' lang='lat' dir='ltr'>dormitorii</span> <span class='ocrx_word' id='word_1_419' title='bbox 1513 1291 1675 1326; x_wconf 85' lang='lat' dir='ltr'>habeatur.</span> <span class='ocrx_word' id='word_1_420' title='bbox 1710 1291 1851 1339; x_wconf 79' lang='lat' dir='ltr'>Capillos</span> 
     </span>
     <span class='ocr_line' id='line_1_75' title="bbox 1098 1340 1836 1388; baseline 0.001 -13"><span class='ocrx_word' id='word_1_421' title='bbox 1098 1353 1174 1375; x_wconf 87' lang='lat' dir='ltr'>suos</span> <span class='ocrx_word' id='word_1_422' title='bbox 1192 1341 1345 1376; x_wconf 87' lang='lat' dir='ltr'>tondeant</span> <span class='ocrx_word' id='word_1_423' title='bbox 1366 1352 1468 1388; x_wconf 85' lang='lat' dir='ltr'>usqne</span> <span class='ocrx_word' id='word_1_424' title='bbox 1485 1340 1522 1376; x_wconf 88' lang='lat' dir='ltr'>ad</span> <span class='ocrx_word' id='word_1_425' title='bbox 1546 1352 1637 1375; x_wconf 85' lang='lat' dir='ltr'>aures</span> <span class='ocrx_word' id='word_1_426' title='bbox 1658 1342 1753 1376; x_wconf 87' lang='lat' dir='ltr'>certis</span> <span class='ocrx_word' id='word_1_427' title='bbox 1775 1349 1836 1376; x_wconf 90' lang='lat' dir='ltr'>tem</span> 
     </span>
     <span class='ocr_line' id='line_1_76' title="bbox 1100 1389 1849 1437; baseline 0.003 -13"><span class='ocrx_word' id='word_1_428' title='bbox 1100 1390 1230 1437; x_wconf 82' lang='lat' dir='ltr'>poribus</span> <span class='ocrx_word' id='word_1_429' title='bbox 1257 1392 1480 1433; x_wconf 90' lang='lat' dir='ltr'>communiter,</span> <span class='ocrx_word' id='word_1_430' title='bbox 1503 1402 1561 1425; x_wconf 89' lang='lat' dir='ltr'>nec</span> <span class='ocrx_word' id='word_1_431' title='bbox 1587 1389 1690 1437; x_wconf 87' lang='lat' dir='ltr'>aliqua</span> <span class='ocrx_word' id='word_1_432' title='bbox 1713 1389 1754 1426; x_wconf 83' lang='lat' dir='ltr'>de</span> <span class='ocrx_word' id='word_1_433' title='bbox 1775 1402 1849 1426; x_wconf 85' lang='lat' dir='ltr'>cae-</span> 
     </span>
     <span class='ocr_line' id='line_1_77' title="bbox 1100 1438 1850 1483; baseline 0 -9"><span class='ocrx_word' id='word_1_434' title='bbox 1100 1448 1165 1474; x_wconf 88' lang='lat' dir='ltr'>tero</span> <span class='ocrx_word' id='word_1_435' title='bbox 1188 1447 1385 1483; x_wconf 88' lang='lat' dir='ltr'>tonsuretur,</span> <span class='ocrx_word' id='word_1_436' title='bbox 1411 1439 1470 1474; x_wconf 91' lang='lat' dir='ltr'>nisi</span> <span class='ocrx_word' id='word_1_437' title='bbox 1497 1439 1634 1474; x_wconf 88' lang='lat' dir='ltr'>evidenti</span> <span class='ocrx_word' id='word_1_438' title='bbox 1670 1438 1850 1474; x_wconf 73' lang='lat' dir='ltr'>infirmitate</span> 
     </span>
     <span class='ocr_line' id='line_1_78' title="bbox 1099 1488 1850 1543; baseline 0 -20"><span class='ocrx_word' id='word_1_439' title='bbox 1099 1489 1240 1543; x_wconf 82' lang='lat' dir='ltr'>corporis</span> <span class='ocrx_word' id='word_1_440' title='bbox 1266 1489 1421 1534; x_wconf 84' lang='lat' dir='ltr'>exigente.</span> <span class='ocrx_word' id='word_1_441' title='bbox 1449 1488 1496 1523; x_wconf 87' lang='lat' dir='ltr'>De</span> <span class='ocrx_word' id='word_1_442' title='bbox 1525 1489 1670 1534; x_wconf 82' lang='lat' dir='ltr'>ingressu</span> <span class='ocrx_word' id='word_1_443' title='bbox 1699 1500 1850 1536; x_wconf 88' lang='lat' dir='ltr'>persona·</span> 
     </span>
     <span class='ocr_line' id='line_1_79' title="bbox 1101 1537 1850 1573; baseline 0 -1"><span class='ocrx_word' id='word_1_444' title='bbox 1101 1550 1168 1572; x_wconf 87' lang='lat' dir='ltr'>rum</span> <span class='ocrx_word' id='word_1_445' title='bbox 1198 1538 1229 1572; x_wconf 91' lang='lat' dir='ltr'>in</span> <span class='ocrx_word' id='word_1_446' title='bbox 1255 1538 1481 1572; x_wconf 87' lang='lat' dir='ltr'>monasterium</span> <span class='ocrx_word' id='word_1_447' title='bbox 1505 1537 1636 1572; x_wconf 87' lang='lat' dir='ltr'>firmiter</span> <span class='ocrx_word' id='word_1_448' title='bbox 1657 1545 1688 1572; x_wconf 90' lang='lat' dir='ltr'>et</span> <span class='ocrx_word' id='word_1_449' title='bbox 1709 1537 1850 1573; x_wconf 83' lang='lat' dir='ltr'>districte</span> 
     </span>
     <span class='ocr_line' id='line_1_80' title="bbox 1101 1586 1849 1634; baseline 0 -12"><span class='ocrx_word' id='word_1_450' title='bbox 1101 1587 1326 1634; x_wconf 82' lang='lat' dir='ltr'>praecipimus,</span> <span class='ocrx_word' id='word_1_451' title='bbox 1353 1594 1387 1621; x_wconf 93' lang='lat' dir='ltr'>ut</span> <span class='ocrx_word' id='word_1_452' title='bbox 1409 1586 1493 1621; x_wconf 86' lang='lat' dir='ltr'>nulla</span> <span class='ocrx_word' id='word_1_453' title='bbox 1518 1599 1658 1634; x_wconf 90' lang='lat' dir='ltr'>unquam</span> <span class='ocrx_word' id='word_1_454' title='bbox 1679 1586 1849 1628; x_wconf 81' lang='lat' dir='ltr'>abbatissa,</span> 
     </span>
     <span class='ocr_line' id='line_1_81' title="bbox 1101 1636 1850 1684; baseline 0.003 -15"><span class='ocrx_word' id='word_1_455' title='bbox 1101 1636 1146 1670; x_wconf 72' lang='lat' dir='ltr'>iel</span> <span class='ocrx_word' id='word_1_456' title='bbox 1180 1637 1249 1671; x_wconf 90' lang='lat' dir='ltr'>eius</span> <span class='ocrx_word' id='word_1_457' title='bbox 1275 1648 1402 1671; x_wconf 84' lang='lat' dir='ltr'>sorores</span> <span class='ocrx_word' id='word_1_458' title='bbox 1428 1637 1563 1683; x_wconf 87' lang='lat' dir='ltr'>aliquam</span> <span class='ocrx_word' id='word_1_459' title='bbox 1591 1647 1759 1684; x_wconf 88' lang='lat' dir='ltr'>personam</span> <span class='ocrx_word' id='word_1_460' title='bbox 1798 1648 1850 1671; x_wconf 90' lang='lat' dir='ltr'>re-</span> 
     </span>
     <span class='ocr_line' id='line_1_82' title="bbox 1101 1685 1851 1730; baseline 0.001 -12"><span class='ocrx_word' id='word_1_461' title='bbox 1101 1686 1264 1729; x_wconf 76' lang='lat' dir='ltr'>ligiosam,</span> <span class='ocrx_word' id='word_1_462' title='bbox 1294 1698 1348 1721; x_wconf 91' lang='lat' dir='ltr'>seu</span> <span class='ocrx_word' id='word_1_463' title='bbox 1372 1687 1583 1730; x_wconf 75' lang='lat' dir='ltr'>saecular-,em</span> <span class='ocrx_word' id='word_1_464' title='bbox 1603 1693 1657 1720; x_wconf 89' lang='lat' dir='ltr'>aut</span> <span class='ocrx_word' id='word_1_465' title='bbox 1682 1685 1851 1721; x_wconf 87' lang='lat' dir='ltr'>cuiuslibet</span> 
     </span>
     <span class='ocr_line' id='line_1_83' title="bbox 1100 1712 1852 1782; baseline 0.001 -14"><span class='ocrx_word' id='word_1_466' title='bbox 1100 1735 1262 1780; x_wconf 82' lang='lat' dir='ltr'>dignitatis</span> <span class='ocrx_word' id='word_1_467' title='bbox 1292 1736 1324 1769; x_wconf 92' lang='lat' dir='ltr'>in</span> <span class='ocrx_word' id='word_1_468' title='bbox 1353 1736 1545 1769; x_wconf 87' lang='lat' dir='ltr'>monasterio</span> <span class='ocrx_word' id='word_1_469' title='bbox 1573 1712 1694 1770; x_wconf 74' lang='lat' dir='ltr'>intrare</span> <span class='ocrx_word' id='word_1_470' title='bbox 1722 1735 1852 1782; x_wconf 85' lang='lat' dir='ltr'>permit·-</span> 
     </span>
     <span class='ocr_line' id='line_1_84' title="bbox 1102 1783 1850 1825; baseline 0 -8"><span class='ocrx_word' id='word_1_471' title='bbox 1102 1793 1183 1824; x_wconf 85' lang='lat' dir='ltr'>tant;</span> <span class='ocrx_word' id='word_1_472' title='bbox 1209 1796 1267 1819; x_wconf 88' lang='lat' dir='ltr'>nec</span> <span class='ocrx_word' id='word_1_473' title='bbox 1302 1786 1433 1818; x_wconf 91' lang='lat' dir='ltr'>omnino</span> <span class='ocrx_word' id='word_1_474' title='bbox 1461 1784 1521 1818; x_wconf 88' lang='lat' dir='ltr'>hoc</span> <span class='ocrx_word' id='word_1_475' title='bbox 1543 1783 1636 1818; x_wconf 88' lang='lat' dir='ltr'>alicui</span> <span class='ocrx_word' id='word_1_476' title='bbox 1661 1784 1767 1825; x_wconf 86' lang='lat' dir='ltr'>liceat,</span> <span class='ocrx_word' id='word_1_477' title='bbox 1793 1784 1850 1818; x_wconf 89' lang='lat' dir='ltr'>nisi</span> 
     </span>
     <span class='ocr_line' id='line_1_85' title="bbox 1101 1832 1852 1881; baseline 0.001 -15"><span class='ocrx_word' id='word_1_478' title='bbox 1101 1832 1150 1867; x_wconf 89' lang='lat' dir='ltr'>cui</span> <span class='ocrx_word' id='word_1_479' title='bbox 1171 1840 1202 1867; x_wconf 87' lang='lat' dir='ltr'>et</span> <span class='ocrx_word' id='word_1_480' title='bbox 1223 1833 1262 1868; x_wconf 88' lang='lat' dir='ltr'>de</span> <span class='ocrx_word' id='word_1_481' title='bbox 1283 1833 1402 1881; x_wconf 87' lang='lat' dir='ltr'>quibus</span> <span class='ocrx_word' id='word_1_482' title='bbox 1418 1844 1606 1868; x_wconf 84' lang='lat' dir='ltr'>concessum</span> <span class='ocrx_word' id='word_1_483' title='bbox 1626 1832 1719 1868; x_wconf 87' lang='lat' dir='ltr'>fuerit</span> <span class='ocrx_word' id='word_1_484' title='bbox 1734 1845 1751 1868; x_wconf 91' lang='lat' dir='ltr'>a</span> <span class='ocrx_word' id='word_1_485' title='bbox 1769 1832 1852 1868; x_wconf 89' lang='lat' dir='ltr'>Sede</span> 
     </span>
     <span class='ocr_line' id='line_1_86' title="bbox 1102 1881 1853 1929; baseline 0.003 -14"><span class='ocrx_word' id='word_1_486' title='bbox 1102 1881 1295 1928; x_wconf 85' lang='lat' dir='ltr'>Apostolica‚</span> <span class='ocrx_word' id='word_1_487' title='bbox 1323 1883 1369 1917; x_wconf 86' lang='lat' dir='ltr'>vel</span> <span class='ocrx_word' id='word_1_488' title='bbox 1404 1895 1421 1917; x_wconf 88' lang='lat' dir='ltr'>a</span> <span class='ocrx_word' id='word_1_489' title='bbox 1453 1882 1604 1929; x_wconf 82' lang='lat' dir='ltr'>generali,</span> <span class='ocrx_word' id='word_1_490' title='bbox 1632 1894 1688 1917; x_wconf 92' lang='lat' dir='ltr'>seu</span> <span class='ocrx_word' id='word_1_491' title='bbox 1719 1883 1853 1929; x_wconf 87' lang='lat' dir='ltr'>provin-</span> 
     </span>
     <span class='ocr_line' id='line_1_87' title="bbox 1102 1930 1852 1987; baseline 0.003 -23"><span class='ocrx_word' id='word_1_492' title='bbox 1102 1930 1235 1965; x_wconf 88' lang='lat' dir='ltr'>cialibus</span> <span class='ocrx_word' id='word_1_493' title='bbox 1274 1931 1395 1967; x_wconf 88' lang='lat' dir='ltr'>ordinis</span> <span class='ocrx_word' id='word_1_494' title='bbox 1431 1931 1558 1966; x_wconf 80' lang='lat' dir='ltr'>fratrum</span> <span class='ocrx_word' id='word_1_495' title='bbox 1598 1930 1780 1987; x_wconf 81' lang='lat' dir='ltr'>Minorum,</span> <span class='ocrx_word' id='word_1_496' title='bbox 1819 1931 1852 1966; x_wconf 86' lang='lat' dir='ltr'>in</span> 
     </span>
     <span class='ocr_line' id='line_1_88' title="bbox 1102 1981 1853 2028; baseline 0.001 -14"><span class='ocrx_word' id='word_1_497' title='bbox 1102 1992 1237 2027; x_wconf 89' lang='lat' dir='ltr'>quorum</span> <span class='ocrx_word' id='word_1_498' title='bbox 1267 1981 1438 2026; x_wconf 83' lang='lat' dir='ltr'>provinciis</span> <span class='ocrx_word' id='word_1_499' title='bbox 1465 1981 1652 2016; x_wconf 87' lang='lat' dir='ltr'>monasteria</span> <span class='ocrx_word' id='word_1_500' title='bbox 1675 1982 1740 2028; x_wconf 88' lang='lat' dir='ltr'>ipsa</span> <span class='ocrx_word' id='word_1_501' title='bbox 1768 1992 1853 2015; x_wconf 87' lang='lat' dir='ltr'>con-</span> 
     </span>
     <span class='ocr_line' id='line_1_89' title="bbox 1103 2029 1854 2077; baseline 0.001 -14"><span class='ocrx_word' id='word_1_502' title='bbox 1103 2030 1229 2063; x_wconf 78' lang='lat' dir='ltr'>sistunt.</span> <span class='ocrx_word' id='word_1_503' title='bbox 1253 2029 1461 2077; x_wconf 81' lang='lat' dir='ltr'>Excipiuntur</span> <span class='ocrx_word' id='word_1_504' title='bbox 1483 2038 1586 2065; x_wconf 87' lang='lat' dir='ltr'>autem</span> <span class='ocrx_word' id='word_1_505' title='bbox 1613 2042 1629 2064; x_wconf 86' lang='lat' dir='ltr'>a</span> <span class='ocrx_word' id='word_1_506' title='bbox 1651 2029 1761 2064; x_wconf 86' lang='lat' dir='ltr'>dicta</span> <span class='ocrx_word' id='word_1_507' title='bbox 1755 2041 1854 2076; x_wconf 80' lang='lat' dir='ltr'>ingre-</span> 
     </span>
     <span class='ocr_line' id='line_1_90' title="bbox 1103 2078 1852 2124; baseline 0 -12"><span class='ocrx_word' id='word_1_508' title='bbox 1103 2078 1210 2113; x_wconf 91' lang='lat' dir='ltr'>diendi</span> <span class='ocrx_word' id='word_1_509' title='bbox 1247 2078 1316 2124; x_wconf 83' lang='lat' dir='ltr'>lege</span> <span class='ocrx_word' id='word_1_510' title='bbox 1347 2079 1489 2113; x_wconf 87' lang='lat' dir='ltr'>medicus</span> <span class='ocrx_word' id='word_1_511' title='bbox 1523 2087 1553 2114; x_wconf 88' lang='lat' dir='ltr'>et</span> <span class='ocrx_word' id='word_1_512' title='bbox 1587 2079 1727 2114; x_wconf 86' lang='lat' dir='ltr'>minutor</span> <span class='ocrx_word' id='word_1_513' title='bbox 1760 2090 1852 2114; x_wconf 85' lang='lat' dir='ltr'>causa</span> 
     </span>
     <span class='ocr_line' id='line_1_91' title="bbox 1104 2127 1854 2175; baseline 0 -14"><span class='ocrx_word' id='word_1_514' title='bbox 1104 2127 1238 2162; x_wconf 85' lang='lat' dir='ltr'>multum</span> <span class='ocrx_word' id='word_1_515' title='bbox 1255 2128 1358 2174; x_wconf 81' lang='lat' dir='ltr'>gravis</span> <span class='ocrx_word' id='word_1_516' title='bbox 1372 2128 1574 2172; x_wconf 82' lang='lat' dir='ltr'>infirmitatis,</span> <span class='ocrx_word' id='word_1_517' title='bbox 1589 2129 1640 2175; x_wconf 88' lang='lat' dir='ltr'>qui</span> <span class='ocrx_word' id='word_1_518' title='bbox 1659 2140 1721 2163; x_wconf 89' lang='lat' dir='ltr'>non</span> <span class='ocrx_word' id='word_1_519' title='bbox 1736 2127 1854 2174; x_wconf 84' lang='lat' dir='ltr'>absque</span> 
     </span>
     <span class='ocr_line' id='line_1_92' title="bbox 1104 2176 1854 2212; baseline 0.003 -4"><span class='ocrx_word' id='word_1_520' title='bbox 1104 2176 1229 2211; x_wconf 87' lang='lat' dir='ltr'>duobus</span> <span class='ocrx_word' id='word_1_521' title='bbox 1251 2177 1346 2212; x_wconf 83' lang='lat' dir='ltr'>sociis</span> <span class='ocrx_word' id='word_1_522' title='bbox 1368 2177 1511 2212; x_wconf 83' lang='lat' dir='ltr'>honestis</span> <span class='ocrx_word' id='word_1_523' title='bbox 1538 2178 1577 2211; x_wconf 85' lang='lat' dir='ltr'>de</span> <span class='ocrx_word' id='word_1_524' title='bbox 1605 2177 1719 2212; x_wconf 84' lang='lat' dir='ltr'>familia</span> <span class='ocrx_word' id='word_1_525' title='bbox 1743 2188 1854 2211; x_wconf 90' lang='lat' dir='ltr'>mona-</span> 
     </span>
     <span class='ocr_line' id='line_1_93' title="bbox 1105 2225 1853 2273; baseline 0.001 -14"><span class='ocrx_word' id='word_1_526' title='bbox 1105 2226 1190 2260; x_wconf 82' lang='lat' dir='ltr'>sterii</span> <span class='ocrx_word' id='word_1_527' title='bbox 1215 2226 1464 2270; x_wconf 73' lang='lat' dir='ltr'>introducantur,</span> <span class='ocrx_word' id='word_1_528' title='bbox 1486 2227 1632 2273; x_wconf 80' lang='lat' dir='ltr'>expedito</span> <span class='ocrx_word' id='word_1_529' title='bbox 1655 2225 1853 2272; x_wconf 74' lang='lat' dir='ltr'>negotio-hu-</span> 
     </span>
     <span class='ocr_line' id='line_1_94' title="bbox 1108 2254 1854 2321; baseline 0.001 -14"><span class='ocrx_word' id='word_1_530' title='bbox 1108 2276 1243 2309; x_wconf 76' lang='lat' dir='ltr'>iusmodi</span> <span class='ocrx_word' id='word_1_531' title='bbox 1272 2276 1417 2310; x_wconf 86' lang='lat' dir='ltr'>celeriter</span> <span class='ocrx_word' id='word_1_532' title='bbox 1437 2277 1618 2321; x_wconf 73' lang='lat' dir='ltr'>egressuri,</span> <span class='ocrx_word' id='word_1_533' title='bbox 1641 2287 1699 2310; x_wconf 89' lang='lat' dir='ltr'>nec</span> <span class='ocrx_word' id='word_1_534' title='bbox 1697 2254 1787 2310; x_wconf 61' lang='lat' dir='ltr'>v&#39;ab</span> <span class='ocrx_word' id='word_1_535' title='bbox 1779 2274 1854 2308; x_wconf 79' lang='lat' dir='ltr'>invi·</span> 
     </span>
     <span class='ocr_line' id='line_1_95' title="bbox 1106 2325 1856 2372; baseline 0 -14"><span class='ocrx_word' id='word_1_536' title='bbox 1106 2337 1173 2359; x_wconf 90' lang='lat' dir='ltr'>cem</span> <span class='ocrx_word' id='word_1_537' title='bbox 1198 2325 1275 2358; x_wconf 86' lang='lat' dir='ltr'>intra</span> <span class='ocrx_word' id='word_1_538' title='bbox 1304 2325 1529 2360; x_wconf 85' lang='lat' dir='ltr'>monasterium</span> <span class='ocrx_word' id='word_1_539' title='bbox 1553 2333 1758 2372; x_wconf 84' lang='lat' dir='ltr'>separentur;</span> <span class='ocrx_word' id='word_1_540' title='bbox 1781 2335 1856 2358; x_wconf 87' lang='lat' dir='ltr'>nec-</span> 
     </span>
     <span class='ocr_line' id='line_1_96' title="bbox 1107 2372 1856 2420; baseline -0.001 -13"><span class='ocrx_word' id='word_1_541' title='bbox 1107 2385 1168 2408; x_wconf 93' lang='lat' dir='ltr'>non</span> <span class='ocrx_word' id='word_1_542' title='bbox 1203 2373 1267 2413; x_wconf 90' lang='lat' dir='ltr'>illi,</span> <span class='ocrx_word' id='word_1_543' title='bbox 1304 2385 1385 2420; x_wconf 88' lang='lat' dir='ltr'>quos</span> <span class='ocrx_word' id='word_1_544' title='bbox 1417 2375 1582 2409; x_wconf 88' lang='lat' dir='ltr'>occasione</span> <span class='ocrx_word' id='word_1_545' title='bbox 1620 2373 1775 2414; x_wconf 82' lang='lat' dir='ltr'>incendii,</span> <span class='ocrx_word' id='word_1_546' title='bbox 1809 2372 1856 2407; x_wconf 91' lang='lat' dir='ltr'>vel</span> 
     </span>
     <span class='ocr_line' id='line_1_97' title="bbox 1108 2422 1857 2471; baseline 0 -15"><span class='ocrx_word' id='word_1_547' title='bbox 1108 2423 1229 2466; x_wconf 84' lang='lat' dir='ltr'>ruinae,</span> <span class='ocrx_word' id='word_1_548' title='bbox 1251 2435 1306 2458; x_wconf 86' lang='lat' dir='ltr'>seu</span> <span class='ocrx_word' id='word_1_549' title='bbox 1335 2423 1465 2458; x_wconf 85' lang='lat' dir='ltr'>alterius</span> <span class='ocrx_word' id='word_1_550' title='bbox 1490 2422 1639 2471; x_wconf 85' lang='lat' dir='ltr'>periculi,</span> <span class='ocrx_word' id='word_1_551' title='bbox 1662 2423 1707 2457; x_wconf 77' lang='lat' dir='ltr'>iel</span> <span class='ocrx_word' id='word_1_552' title='bbox 1730 2422 1857 2469; x_wconf 86' lang='lat' dir='ltr'>dispen-</span> 
     </span>
     <span class='ocr_line' id='line_1_98' title="bbox 1107 2471 1858 2520; baseline 0.001 -15"><span class='ocrx_word' id='word_1_553' title='bbox 1107 2471 1168 2515; x_wconf 85' lang='lat' dir='ltr'>dii,</span> <span class='ocrx_word' id='word_1_554' title='bbox 1190 2484 1245 2507; x_wconf 87' lang='lat' dir='ltr'>seu</span> <span class='ocrx_word' id='word_1_555' title='bbox 1274 2485 1330 2520; x_wconf 87' lang='lat' dir='ltr'>pro</span> <span class='ocrx_word' id='word_1_556' title='bbox 1352 2472 1479 2507; x_wconf 80' lang='lat' dir='ltr'>tuendis</span> <span class='ocrx_word' id='word_1_557' title='bbox 1500 2485 1516 2507; x_wconf 88' lang='lat' dir='ltr'>a</span> <span class='ocrx_word' id='word_1_558' title='bbox 1539 2472 1684 2507; x_wconf 84' lang='lat' dir='ltr'>violentia</span> <span class='ocrx_word' id='word_1_559' title='bbox 1707 2483 1858 2519; x_wconf 86' lang='lat' dir='ltr'>quorum-</span> 
     </span>
     <span class='ocr_line' id='line_1_99' title="bbox 1108 2520 1857 2568; baseline 0.001 -14"><span class='ocrx_word' id='word_1_560' title='bbox 1108 2520 1183 2556; x_wconf 86' lang='lat' dir='ltr'>libet</span> <span class='ocrx_word' id='word_1_561' title='bbox 1210 2522 1417 2565; x_wconf 87' lang='lat' dir='ltr'>monasterio,</span> <span class='ocrx_word' id='word_1_562' title='bbox 1445 2521 1491 2556; x_wconf 86' lang='lat' dir='ltr'>vel</span> <span class='ocrx_word' id='word_1_563' title='bbox 1529 2521 1689 2568; x_wconf 78' lang='lat' dir='ltr'>personis,</span> <span class='ocrx_word' id='word_1_564' title='bbox 1719 2528 1772 2556; x_wconf 87' lang='lat' dir='ltr'>aut</span> <span class='ocrx_word' id='word_1_565' title='bbox 1801 2533 1857 2567; x_wconf 87' lang='lat' dir='ltr'>pro</span> 
     </span>
     <span class='ocr_line' id='line_1_100' title="bbox 1107 2570 1858 2618; baseline 0 -14"><span class='ocrx_word' id='word_1_566' title='bbox 1107 2570 1213 2617; x_wconf 89' lang='lat' dir='ltr'>aliquo</span> <span class='ocrx_word' id='word_1_567' title='bbox 1240 2582 1334 2618; x_wconf 89' lang='lat' dir='ltr'>opere</span> <span class='ocrx_word' id='word_1_568' title='bbox 1365 2570 1558 2612; x_wconf 82' lang='lat' dir='ltr'>exercendo,</span> <span class='ocrx_word' id='word_1_569' title='bbox 1579 2570 1662 2617; x_wconf 90' lang='lat' dir='ltr'>quod</span> <span class='ocrx_word' id='word_1_570' title='bbox 1690 2570 1858 2605; x_wconf 89' lang='lat' dir='ltr'>commode</span> 
     </span>
     <span class='ocr_line' id='line_1_101' title="bbox 1108 2619 1847 2667; baseline 0 -13"><span class='ocrx_word' id='word_1_571' title='bbox 1108 2629 1192 2654; x_wconf 82' lang='lat' dir='ltr'>extra</span> <span class='ocrx_word' id='word_1_572' title='bbox 1222 2620 1449 2657; x_wconf 88' lang='lat' dir='ltr'>monasterium</span> <span class='ocrx_word' id='word_1_573' title='bbox 1476 2619 1541 2655; x_wconf 81' lang='lat' dir='ltr'>fieri</span> <span class='ocrx_word' id='word_1_574' title='bbox 1571 2631 1635 2654; x_wconf 88' lang='lat' dir='ltr'>non</span> <span class='ocrx_word' id='word_1_575' title='bbox 1658 2627 1778 2667; x_wconf 89' lang='lat' dir='ltr'>potest,</span> <span class='ocrx_word' id='word_1_576' title='bbox 1799 2631 1847 2654; x_wconf 84' lang='lat' dir='ltr'>ne·</span> 
     </span>
    </p>
   </div>
   <div class='ocr_carea' id='block_1_7' title="bbox 1859 257 2042 286">
    <p class='ocr_par' dir='ltr' id='par_1_7' title="bbox 1859 257 2042 286">
     <span class='ocr_line' id='line_1_102' title="bbox 1859 257 2042 286; baseline 0.011 -2"><span class='ocrx_word' id='word_1_577' title='bbox 1859 258 1910 284; x_wconf 81' lang='lat' dir='ltr'>An.</span> <span class='ocrx_word' id='word_1_578' title='bbox 1928 257 1957 285; x_wconf 90' lang='lat' dir='ltr'>C.</span> <span class='ocrx_word' id='word_1_579' title='bbox 1974 258 2042 286; x_wconf 59' lang='lat'>¹224?</span> 
     </span>
    </p>
   </div>
   <div class='ocr_carea' id='block_1_8' title="bbox 1858 469 2042 526">
    <p class='ocr_par' dir='ltr' id='par_1_8' title="bbox 1858 469 2042 526">
     <span class='ocr_line' id='line_1_103' title="bbox 1873 469 2042 492; baseline 0.012 -2"><span class='ocrx_word' id='word_1_580' title='bbox 1873 469 1992 491; x_wconf 75' lang='lat' dir='ltr'>Domitor-ii</span> <span class='ocrx_word' id='word_1_581' title='bbox 2008 471 2042 492; x_wconf 72' lang='lat' dir='ltr'>de·</span> 
     </span>
     <span class='ocr_line' id='line_1_104' title="bbox 1858 501 1956 526; baseline -0.01 -4"><span class='ocrx_word' id='word_1_582' title='bbox 1858 501 1956 526; x_wconf 72' lang='lat' dir='ltr'>cignano.</span> 
     </span>
    </p>
   </div>
   <div class='ocr_carea' id='block_1_9' title="bbox 1863 1498 2048 1617">
    <p class='ocr_par' dir='ltr' id='par_1_9' title="bbox 1863 1498 2048 1617">
     <span class='ocr_line' id='line_1_105' title="bbox 1875 1498 2026 1521; baseline -0.02 0"><span class='ocrx_word' id='word_1_583' title='bbox 1875 1498 1977 1521; x_wconf 70' lang='lat' dir='ltr'>Omnibus</span> <span class='ocrx_word' id='word_1_584' title='bbox 2014 1500 2026 1518; x_wconf 69' lang='lat'>&#39;.&#39;</span> 
     </span>
     <span class='ocr_line' id='line_1_106' title="bbox 1863 1529 2048 1551; baseline -0.011 0"><span class='ocrx_word' id='word_1_585' title='bbox 1863 1529 1991 1551; x_wconf 68' lang='lat' dir='ltr'>monasterie</span> <span class='ocrx_word' id='word_1_586' title='bbox 2013 1529 2048 1550; x_wconf 79' lang='lat' dir='ltr'>in-</span> 
     </span>
     <span class='ocr_line' id='line_1_107' title="bbox 1863 1560 2048 1583; baseline -0.005 -2"><span class='ocrx_word' id='word_1_587' title='bbox 1863 1560 1967 1583; x_wconf 71' lang='lat' dir='ltr'>terdicta·</span> <span class='ocrx_word' id='word_1_588' title='bbox 2014 1561 2048 1580; x_wconf 82' lang='lat' dir='ltr'>{n-</span> 
     </span>
     <span class='ocr_line' id='line_1_108' title="bbox 1863 1596 1956 1617; baseline -0.022 -4"><span class='ocrx_word' id='word_1_589' title='bbox 1863 1596 1956 1617; x_wconf 67' lang='lat' dir='ltr'>grenan,</span> 
     </span>
    </p>
   </div>
   <div class='ocr_carea' id='block_1_10' title="bbox 2125 1953 2129 2503">
    <p class='ocr_par' dir='ltr' id='par_1_10' title="bbox 2125 1953 2129 2503">
     <span class='ocr_line' id='line_1_109' title="bbox 2125 1953 2129 2503; baseline 0 0"><span class='ocrx_word' id='word_1_590' title='bbox 2125 1953 2129 2503; x_wconf 95' lang='lat' dir='ltr'> </span> 
     </span>
    </p>
   </div>
  </div>
 </body>
</html>
