2129 3223
47 197 96 224 An.
118 196 146 224 C.
162 196 225 224 ¹2¹&

841 194 1047 217 txsocfiwtcs

244 263 313 286 iero
334 250 509 286 subsidium
532 249 645 283 Terrae
677 248 809 283 Sanctae
849 249 983 284 multum

242 299 384 347 impediri
403 299 450 334 vel
473 297 619 333 retardari
647 298 841 344 contingeret
867 299 891 334 si
913 307 983 333 ante

239 349 472 397 susceptionem
494 347 606 383 Crucis
627 347 796 382 examinari
810 348 984 394 quemlibet

239 406 392 446 oporteret
418 410 457 433 an
484 406 567 432 esset
594 397 726 432 idoneus
759 405 789 432 et
823 398 984 433 sufficiens

237 448 274 483 ad
298 447 475 483 huiusmodi
497 455 603 482 votum
643 447 847 494 personaliter
874 460 983 494 prose-

236 498 411 544 quendum,
457 497 670 537 concedimus,
719 505 751 531 ut
789 497 982 542 regularibus

237 547 379 593 personis
400 547 550 594 exceptis,
572 546 765 593 suscipiant,
788 547 982 593 quicumque

237 596 403 635 voluerint,
418 596 542 643 signum
565 595 699 637 Crucis;
728 596 769 631 ita
796 595 880 642 quod
907 609 979 631 cum

236 658 350 692 urgens
385 647 555 681 necessitas
601 653 654 680 aut
692 645 821 680 evidens
863 645 980 681 utilitas

235 695 445 742 postulaverit,
473 704 579 730 votum
602 695 704 742 ipsum
728 695 767 729 de
809 695 980 742 apostolico

235 745 332 791 possit
356 745 501 780 mandato
529 745 729 784 commutari,
767 753 821 778 aut
854 744 979 786 redimi,

233 794 278 830 vel
302 794 432 830 differri.
462 794 500 829 Et
527 802 655 843 propter
684 793 816 829 eandem
853 796 978 829 causam

234 844 439 879 remissiones
477 852 507 878 et
542 844 750 890 indulgentias
783 844 935 878 hactenus
963 857 977 879 a

232 893 325 929 nobis
345 906 512 929 concessas
535 893 782 940 procedentibus
810 894 841 927 in
869 893 979 941 Hispa-

231 943 312 979 niam
341 952 446 978 contra
470 943 607 983 Mauros,
636 943 682 977 vel
724 951 831 977 contra
868 943 977 978 haere-

230 993 308 1028 ticos
329 993 359 1027 in
384 993 592 1032 Provinciam,
620 1005 819 1033 revocamus;
842 993 977 1027 maxime

228 1054 299 1077 cum
328 1042 391 1077 illis
417 1054 587 1078 concessae
621 1042 735 1077 fuerint
773 1043 810 1077 ad
852 1051 977 1090 tempus

186 1122 188 1125 ,
227 1092 310 1139 quod
339 1093 398 1127 iam
422 1105 459 1127 ex
481 1099 546 1128 toto
573 1092 743 1139 praeteriit,
775 1100 805 1127 et
835 1092 900 1127 istis
936 1093 977 1127 ob

44 2517 129 2539 lnnotat
171 2523 210 2538 u„

31 2551 201 2571 communicatio-

31 2581 62 2600 uin
83 2583 208 2602 sententiam

227 1153 353 1177 causam
377 1154 458 1188 quae
481 1142 541 1177 iam
571 1155 607 1176 ex
639 1142 747 1176 maiori
787 1150 874 1189 parte
907 1153 976 1177 ces-

227 1191 317 1232 savit,
346 1199 477 1238 utroque
506 1192 631 1237 negotio
667 1203 722 1238 per
756 1191 812 1225 Dei
845 1192 975 1237 gratiam

227 1240 305 1276 adeo
328 1248 525 1288 prosperato,
548 1249 581 1275 ut
610 1240 825 1276 vehementem
855 1243 976 1275 instan-

228 1290 301 1325 tiam
329 1302 390 1324 non
412 1291 563 1337 requirat:
579 1298 609 1324 et
629 1290 652 1325 si
681 1290 758 1325 forte
788 1290 975 1338 requireret,

227 1351 285 1374 nos
304 1340 462 1386 ingruenti
485 1341 663 1374 necessitati
704 1340 884 1387 prospicere
917 1353 975 1375 cu-

226 1401 377 1424 raremus.
405 1388 622 1425 Concedimus
646 1396 764 1429 tamen,
797 1398 829 1424 ut
864 1390 974 1424 huius—

226 1438 311 1474 modi
342 1439 543 1474 remissiones
577 1447 607 1473 et
647 1438 857 1484 indulgentiae
889 1439 973 1485 apud

226 1487 438 1524 Provinciales
461 1496 643 1523 remaneant
665 1495 695 1523 et
713 1488 882 1535 Hispanos.
898 1488 974 1523 Cae-

227 1545 327 1573 terum
363 1538 436 1585 quia
480 1538 608 1573 cursarii
650 1545 680 1572 et
719 1537 833 1584 piratae
879 1538 973 1573 nimis

226 1587 402 1634 impediunt
423 1587 600 1623 subsidium
623 1586 738 1622 Terrae
763 1586 897 1622 Sanctae
919 1600 973 1623 ca—

227 1636 342 1684 piendo
370 1645 401 1672 et
420 1637 585 1685 spoliando
606 1644 803 1672 transeuntes
817 1637 854 1671 ad
875 1637 972 1681 illam,

224 1693 255 1720 et
283 1694 474 1722 revertentes
495 1687 533 1722 ab
555 1686 618 1726 illa,
641 1698 698 1721 nos
719 1698 784 1726 eos,
807 1695 836 1721 et
859 1687 973 1733 princi·

225 1735 311 1783 pales
350 1736 507 1771 adiutores
538 1745 568 1771 et
601 1736 738 1770 fautores
769 1747 878 1771 eorum
916 1748 971 1771 ex-

223 1786 522 1821 communicationis
549 1785 674 1820 vinculo
689 1785 888 1829 innodamus,
911 1786 971 1820 sul)

224 1834 478 1870 interminatione
504 1834 710 1870 anathematis
733 1833 910 1870 inhibentes
932 1848 971 1871 ne

223 1884 294 1931 quis
319 1896 392 1920 cum
425 1885 472 1919 eis
509 1885 644 1920 scienter
681 1885 893 1920 communicet
939 1886 968 1920 in

223 1932 328 1981 aliquo
363 1934 553 1969 venditionis
591 1934 638 1969 vel
680 1934 848 1981 emptionis
891 1947 970 1970 con-

224 1990 334 2024 tractu,
353 1993 384 2019 et
405 1984 606 2030 iniungentes
618 1984 794 2019 rectoribus
808 1984 967 2020 civitatum

222 2041 252 2067 et
273 2032 415 2068 locorum
438 2045 582 2077 suorum,
605 2040 638 2068 ut
664 2045 719 2069 eos
739 2033 778 2069 ab
806 2033 864 2069 hac
907 2035 968 2069 ini-

222 2083 342 2130 quitate
373 2090 520 2118 revocent
546 2091 576 2117 et
591 2091 801 2130 compescant.
816 2084 967 2131 Alioquin

222 2131 294 2180 quia
321 2132 404 2168 nolle
426 2132 609 2180 perturbare
632 2145 797 2179 perversos
823 2134 899 2168 nihil
921 2142 968 2169 est

223 2181 306 2216 aliud
334 2194 427 2229 quam
459 2182 575 2226 fovere,
605 2193 662 2217 nec
700 2190 783 2217 caret
817 2185 966 2230 scrupulo

222 2231 380 2266 societatis
402 2231 553 2272 occultae,
581 2232 635 2278 qui
657 2233 824 2268 manifesto
837 2232 965 2268 facinori

222 2280 340 2316 desiuit,
377 2281 525 2325 obviare,
568 2293 626 2316 nos
674 2281 704 2315 in
742 2294 891 2328 personas
936 2291 966 2318 et

1075 196 1109 217 ιιι
1136 197 1183 218 ιφ.
1650 193 1719 225 277

1785 206 1832 229 An.
1856 203 1882 229 C.
1899 205 1961 232 tit's

1025 251 1144 284 racenis
1164 264 1260 291 artua,
1294 253 1406 289 serrum
1434 264 1464 290 et
1500 256 1670 303 lignamina
1711 258 1767 294 de-
1782 268 1801 282 '¹¹
1818 263 1957 291 cosmus„-

1025 298 1127 334 ferunt
1149 300 1321 347 galearum,
1343 305 1459 352 quique
1482 306 1512 340 in
1536 306 1672 353 piraticis
1698 307 1767 344 Sar-

1025 361 1209 385 racenorum
1245 351 1374 388 navibus
1406 366 1512 390 curam
1532 356 1767 403 gubernationis

1024 407 1180 440 exercent,
1209 412 1326 448 eosque
1366 415 1469 438 rerum
1508 417 1633 442 suarum
1665 407 1766 454 priva-

1023 448 1105 483 tione
1127 449 1262 491 multari,
1297 460 1325 486 et
1356 453 1548 500 capientium
1586 468 1703 498 servos,
1738 458 1764 493 si

1022 498 1102 545 capti
1144 498 1271 543 fuerint,
1312 501 1376 536 sore
1410 515 1599 546 censemus,
1644 508 1766 553 praeci-

1023 547 1155 593 pientes,
1183 557 1217 583 ut
1240 561 1295 596 per
1321 563 1430 587 omnes
1466 552 1559 588 urbes
1596 556 1766 591 maritimas

1021 596 1134 632 diebus
1167 598 1335 635 dominicis
1371 609 1401 635 et
1428 601 1544 638 festivis
1583 603 1765 640 huiusmodi

1021 648 1175 682 sententia
1201 648 1326 696 publice
1353 650 1528 686 innovetur.
1557 652 1673 689 Verum
1691 668 1764 690 cum

1022 696 1111 742 longe
1133 697 1204 744 plus
1221 698 1260 732 de
1278 699 1383 734 divina
1410 700 1696 749 clementia‚quam
1725 704 1765 740 de

1021 745 1155 781 humana
1202 750 1338 795 potentia
1385 750 1543 787 confidere
1572 751 1764 798 debeamus,

1020 803 1140 841 oportet
1178 809 1234 832 nos
1267 798 1297 832 in
1339 798 1389 834 tali
1428 800 1576 836 conflictu
1606 813 1668 837 non
1702 812 1764 839 tam

1019 845 1235 891 corporalibus
1270 848 1376 893 armis,
1422 861 1516 897 quam
1550 847 1764 898 spiritualibus

1019 893 1179 930 dimicare.
1202 895 1342 944 Ideoque
1379 899 1557 942 statuimus,
1600 908 1630 935 et
1672 914 1764 938 man-

1018 943 1130 979 damus
1153 953 1185 979 ut
1222 946 1355 993 singulis
1389 949 1549 984 mensibus
1585 951 1680 986 semel
1713 952 1765 987 fiat

1017 994 1172 1038 generalis
1196 997 1354 1042 processio
1375 1009 1518 1033 seorsum
1543 999 1680 1035 virorum
1697 1028 1706 1046 ‚
1728 1015 1763 1037 ac

1018 1054 1174 1083 seorsum,
1202 1045 1256 1079 ubi
1281 1045 1346 1081 lieri
1370 1048 1494 1093 poterit,
1518 1048 1708 1095 mulierum,
1730 1051 1762 1086 in

1019 1092 1193 1129 humilitate
1216 1095 1340 1136 mentis,
1372 1103 1402 1131 et
1426 1098 1578 1145 corporis,
1611 1112 1683 1135 cum
1711 1100 1762 1136 de-

1018 1151 1085 1177 vota
1118 1144 1294 1179 orationum
1342 1144 1486 1182 instantia
1523 1148 1761 1195 postulantium,

1018 1200 1051 1226 ut
1072 1192 1251 1228 misericors
1276 1194 1363 1230 Deus
1383 1196 1503 1232 auferat
1523 1210 1539 1232 a
1576 1198 1666 1233 nobis
1703 1199 1763 1235 hoc

1016 1241 1211 1277 confusionis
1226 1243 1446 1291 opprobrium,
1468 1246 1631 1282 liberando
1649 1256 1761 1284 terram

1016 1290 1112 1335 illam,
1132 1292 1163 1326 in
1186 1304 1247 1339 qua
1276 1294 1421 1330 universa
1444 1295 1669 1344 redemptionis
1704 1311 1762 1333 no-

1015 1347 1095 1375 strae
1137 1350 1329 1378 sacramenta
1377 1345 1509 1392 peregit,
1535 1345 1574 1381 de
1615 1347 1762 1382 manibus

1016 1402 1222 1437 paganorum,
1251 1393 1445 1429 restituendo
1466 1407 1534 1430 eam
1560 1395 1599 1430 ad
1635 1396 1760 1433 laudem

1014 1447 1045 1474 et
1078 1439 1208 1485 gloriam
1251 1442 1389 1477 nominis
1423 1444 1471 1478 sui
1509 1446 1608 1480 sancti
1643 1447 1761 1494 populo

1013 1488 1196 1530 christiano,
1224 1492 1348 1537 proviso
1371 1493 1552 1539 prudenter,
1576 1503 1608 1529 ut
1635 1508 1761 1544 semper

1014 1538 1044 1572 in
1074 1538 1138 1586 ipsa
1175 1542 1374 1586 processione
1417 1543 1546 1578 verbum
1582 1544 1760 1581 salutiferae

1013 1587 1127 1623 Crucis
1148 1602 1219 1624 cum
1243 1590 1383 1637 diligenti
1408 1592 1624 1629 exhortatione
1643 1596 1760 1642 populo

1013 1646 1216 1685 proponatur.
1241 1639 1383 1675 Orationi
1420 1654 1492 1677 vero
1528 1643 1683 1678 ieiunium
1729 1653 1760 1679 ct

1013 1687 1208 1734 eleemosyna
1242 1690 1487 1736 coniungantur‚·
1525 1700 1558 1726 nt
1594 1693 1632 1727 iis
1667 1695 1756 1741 quasi

1012 1736 1068 1770 alis
1090 1736 1212 1772 facilins
1249 1747 1278 1773 et
1305 1740 1441 1775 celerius
1463 1742 1530 1789 ipsa
1553 1742 1634 1778 volet
1655 1744 1755 1778 oratio

1011 1785 1048 1819 ad
1072 1787 1230 1833 piissimas
1256 1801 1347 1824 aures
1385 1789 1455 1831 Dei,
1495 1791 1549 1839 qui
1594 1804 1652 1827 nos
1690 1792 1755 1828 cle-

1012 1843 1132 1871 menter
1152 1837 1300 1873 exaudiat
1323 1839 1352 1874 in
1388 1848 1529 1888 tempore
1563 1850 1753 1889 opportuno.

1010 1884 1151 1932 Singulis
1178 1899 1304 1935 quoque
1326 1888 1438 1924 diebus
1476 1890 1555 1926 intra
1588 1892 1752 1927 missarum

1009 1935 1172 1977 solemnia,
1195 1947 1263 1984 post
1288 1939 1373 1985 pacis
1394 1939 1536 1975 osculum
1554 1969 1561 1981 ‚
1587 1953 1658 1976 cum
1693 1942 1752 1976 iam

1009 1997 1066 2032 pro
1095 1987 1230 2032 peccatis
1269 1989 1379 2023 mundi
1421 1989 1579 2025 offerenda
1616 1991 1661 2026 vel
1698 2004 1753 2025 su-

1010 2035 1123 2070 menda
1150 2044 1196 2071 est
1223 2036 1330 2072 Hostia
1357 2039 1520 2084 salutaris,
1547 2053 1658 2075 omnes
1691 2048 1751 2076 tarn

1010 2085 1062 2119 viri
1110 2098 1204 2132 quam
1253 2087 1399 2123 mulieres
1436 2089 1596 2125 humiliter
1618 2098 1752 2137 proster-

1008 2142 1124 2170 nantur
1148 2136 1178 2169 in
1202 2144 1327 2177 terram,
1354 2145 1382 2172 et
1410 2151 1425 2172 a
1452 2138 1576 2173 clericis
1613 2140 1751 2186 psalmus

1008 2184 1076 2224 iste,
1108 2186 1190 2219 Deus
1214 2195 1358 2220 venerunt
1382 2190 1525 2232 qenlesin
1538 2190 1750 2223 haereditatem

1007 2242 1090 2268 tuam
1118 2237 1175 2278 (l),
1202 2234 1261 2269 alta
1292 2248 1364 2270 voce
1390 2245 1542 2276 cantetur.
1583 2251 1646 2285 quo
1678 2251 1749 2273 cunt

1006 2283 1065 2317 hoc
1091 2296 1181 2318 versu
1216 2283 1327 2319 devote
1355 2285 1453 2325 linito,
1478 2288 1622 2332 Exurqae
1652 2289 1746 2326 Deus,

223 2337 322 2366 terras
347 2343 456 2367 corum
489 2331 684 2366 severitatem
721 2331 963 2367 ecclesiasticam
985 2335 1030 2366 {et
1056 2334 1240 2378 dissipentur
1267 2336 1385 2368 inimici
1415 2338 1488 2373 eius,
1521 2343 1547 2370 et
1580 2338 1698 2382 fugient
1730 2351 1747 2371 a

223 2379 403 2416 curabimus
413 2392 570 2421 exercere,
591 2392 664 2415 cum
686 2380 762 2415 tales
783 2393 844 2416 non
860 2384 965 2417 minus
984 2376 987 2423 l
1005 2383 1084 2427 facia
1105 2385 1180 2423 eius,
1207 2383 1262 2427 qui
1281 2385 1408 2418 oderunt
1429 2398 1507 2429 eum,
1523 2386 1668 2421 sacerdos
1695 2400 1747 2434 qui

223 2442 316 2476 qnam
339 2430 504 2466 Sarraceni
526 2430 729 2465 adversentur
755 2431 872 2466 nomini
887 2431 963 2467 chri·
1005 2431 1150 2476 celebrat,
1192 2434 1362 2468 orationem
1397 2435 1485 2469 istam
1518 2447 1615 2482 super
1654 2435 1748 2471 altare

223 2480 332 2514 stiano.
362 2479 551 2515 innovamus
593 2487 750 2527 praeterea
780 2492 965 2516 exconimu—
1005 2481 1158 2516 decantet:

224 2528 388 2564 nicationis
415 2530 600 2565 sententiam
621 2530 650 2564 in
673 2529 874 2565 Lateranensi
895 2543 963 2566 con·

224 2572 296 2613 cilio
317 2579 541 2626 promulgatam
561 2579 709 2615 adversus
735 2591 789 2614 eos
814 2580 866 2626 qui
894 2580 965 2615 Sar-

1054 2530 1139 2565 Deus
1165 2532 1218 2577 qui
1236 2531 1410 2567 admirabili
1429 2533 1621 2580 providentia
1634 2547 1745 2570 cuncta

1040 2592 1078 2627 (¹)
1098 2592 1191 2619 Psalm.
1214 2600 1327 2620 Lxxvm.

1781 296 1864 315 tarenis
1883 296 1959 322 ,oritur

1781 325 1848 346 tantur
