2129 3223
149 234 196 258 Αη.
209 233 236 258 C.
260 233 327 259 1216

245 389 268 407 ’ὓ
294 389 327 433 ’ἢ
342 388 482 432 vestigiis
509 386 719 428 inhaerentes,
742 387 830 423 vobis
857 389 1007 424 duximus
1039 389 1089 422 in-
1108 400 1110 417 1
1129 395 1236 423 autem
1264 388 1367 424 eidem
1400 388 1470 424 loco
1497 401 1553 424 sua
1580 389 1647 423 iura
1681 387 1880 423 servantibus

1130 438 1170 471 sit
1188 449 1248 484 pax
1269 437 1399 472 Domini
1427 438 1525 473 nostri
1548 438 1621 474 Iesu
1648 437 1778 477 Christi,
1800 449 1880 485 qua-

152 934 227 950 Γῆ-ῒτπ
254 930 322 951 banv-

178 969 182 980 i
232 966 312 982 monast

140 993 262 1013 rtetrntores
284 998 321 1013 ex-

140 1024 314 1043 mirri-unicuic-

139 1058 185 1072 νη
201 1053 256 1073 ferre
273 1059 321 1074 ron-

138 1086 201 1106 redii.
218 1088 250 1103 Ην

170 1713 229 1733 Ι”Ι’.ιις
238 1714 278 1734 Λή

392 227 461 257 508

342 291 438 324 libr-ra
465 290 637 335 sepultum,
665 289 850 325 eorumdem
875 290 1089 336 praedecesso·
1107 294 1112 348 Ῑ
1130 289 1251 324 Christi
1270 289 1373 324 aliena
1393 290 1457 330 fiat,
1477 298 1572 337 atque
1593 290 1624 324 in
1649 297 1789 324 extremo
1811 301 1880 324 exa—

343 352 411 373 rum
440 347 618 373 nostrorum
651 337 824 374 Clementis
856 347 887 374 et
914 339 1089 375 Innocentii
1108 350 1111 397 Ι
1130 338 1215 373 mine
1237 337 1396 374 districtae
1418 338 1530 374 ultioni
1555 338 1727 374 subiaceat.
1747 336 1880 374 Cunctis

930 237 1029 260 ntus
1035 237 1115 259 mm!
1144 236 1309 259 nonsstm

341 436 549 483 dulgendum,
574 445 608 472 ut
634 438 783 484 quotiens
817 450 874 485 pro
902 438 1089 485 corporibus

341 496 538 522 mortuorum
560 498 592 521 in
614 498 815 532 processione
830 499 885 522 vos
907 499 993 522 exire
1012 499 1089 521 con-

339 537 463 582 tigerit,
503 547 651 580 crucem,
691 536 857 572 incensum
903 544 933 571 et
973 549 1087 583 aquam

340 585 537 620 benedictam
560 584 704 632 portandi
731 586 816 620 iuxta
843 598 962 621 morem
987 593 1087 621 terrae

339 634 488 674 liberam,
521 634 640 669 nullius
672 635 921 670 contradictione
956 635 1001 670 vel
1029 647 1088 681 ap-

339 684 507 730 pellatione
529 683 687 723 obstante,
706 684 848 719 habeatis
866 685 904 719 de
923 692 1027 718 nostra
1051 685 1088 717 li-

338 733 437 768 centia
463 732 655 768 facultatem.
686 733 732 767 Ad
768 734 930 780 exemplar
957 746 1086 780 quoque

337 783 494 817 (lictorum
518 783 798 829 praedecessorum
821 790 1002 818 nostrorum
1017 782 1087 817 Cle-

337 832 453 867 mentis
486 840 518 867 et
539 831 727 874 lnnocenfii,
749 831 909 866 licentiam
936 831 1087 867 concedi-

337 893 407 915 mus
434 880 501 921 tibi,
528 893 564 915 ac
584 881 735 925 legitimis
756 880 995 916 successoribus
1011 882 1086 924 tuis,

338 938 371 965 ut
393 931 418 965 si
441 930 514 977 quis
539 930 683 965 eiusdem
705 931 888 965 monasterii
916 931 1030 974 vestri,
1057 939 1087 965 et

337 979 488 1015 cellarum
514 980 585 1014 eius
611 979 844 1026 possessiones,
867 986 921 1014 aut
948 991 998 1014 res
1019 981 1086 1014 vio-

338 1029 437 1064 lenter
463 1028 823 1075 abstiilerit‚postquam
848 1028 987 1075 ipsorum
1016 1029 1086 1074 epi-

336 1078 422 1124 scopi
444 1090 460 1112 a
488 1078 577 1112 vobis
604 1078 697 1111 tertio
719 1077 839 1112 invitati
868 1078 1019 1112 iustitiam
1047 1077 1085 1112 de

336 1129 381 1161 cis
409 1126 510 1161 facere
536 1127 665 1161 omnino
691 1126 871 1167 noluerint,
899 1139 955 1162 vos
991 1139 1086 1173 super

335 1176 464 1211 eosdem
499 1183 640 1222 raptores
667 1175 808 1211 secundo
831 1177 959 1211 tertiove
994 1188 1085 1211 com—

335 1225 488 1263 monitos.
523 1224 707 1260 canonicam
747 1225 1087 1260 excommunicationis

335 1275 524 1309 sententiam
548 1273 723 1320 proferatis.
748 1274 792 1308 Ea
817 1286 902 1317 vero,
925 1287 1006 1322 quae
1023 1287 1085 1309 mo·
1106 1281 1107 1314 j
1127 1296 1248 1331 subscri
1276 1296 1300 1331 Si

336 1323 508 1359 nasteriiim
541 1330 681 1358 vestrum
716 1336 733 1358 a
760 1323 968 1370 quadraginta
1003 1333 1107 1358 retr0=
1253 1309 1273 1343 p
1306 1324 1312 1329 ”

335 1372 425 1406 annis
457 1373 539 1407 bona
562 1371 624 1407 fide
646 1372 788 1407 noscitur
815 1372 945 1418 pacifice
975 1384 1086 1418 posse—

335 1420 432 1460 disse,
459 1421 548 1456 vobis
575 1428 607 1455 et
629 1421 732 1456 eidem
759 1422 952 1455 monasterio
974 1429 1084 1456 aucto-

336 1470 425 1505 ritate
447 1470 619 1517 apostolica
637 1470 873 1505 confirmamus.
888 1470 933 1504 Ita
955 1470 1084 1517 quidem

335 1518 421 1566 quod
448 1532 546 1566 super
571 1518 620 1553 his
652 1519 739 1554 nullo
773 1531 913 1565 unquam
942 1527 1083 1565 ternpore

337 1566 483 1614 impediri
504 1568 656 1606 debeatis,
679 1568 725 1603 vel
753 1567 990 1614 quomodolibet
1018 1580 1086 1603 mo-

336 1617 452 1652 lestari.

384 1664 596 1702 Decernimus
636 1677 734 1713 ergo,
775 1674 809 1699 ut
842 1665 919 1700 nulli
954 1666 1086 1700 omnino

338 1715 502 1750 hominum
531 1715 623 1750 liceat
649 1714 821 1761 praefatum
858 1715 1084 1749 monasterium

337 1772 455 1799 temere
477 1764 675 1812 perturbare,
700 1770 753 1798 aut
775 1764 843 1798 eius
870 1765 1086 1811 possessiones

336 1813 478 1853 auferre,
500 1814 548 1847 vel
577 1813 693 1847 ablatas
729 1813 883 1856 retinere,
917 1812 1085 1851 minuere,

336 1875 392 1897 seu
412 1862 609 1910 quibuslibet
628 1862 846 1897 vexationibus
870 1862 1009 1908 fatigare,
1029 1863 1084 1897 sed

339 1911 453 1946 illibata
493 1912 599 1946 omnia
627 1919 658 1945 et
689 1912 809 1958 integra
843 1919 1086 1955 conserventur,

337 1972 446 1995 eorum
469 1973 525 2008 pro
552 1972 689 2007 quorum
711 1961 938 2006 gubernatione
974 1973 1010 2006 ac
1031 1973 1086 1996 sii-

338 2010 526 2044 stentatione
557 2021 704 2044 concessa
730 2017 805 2044 sunt
835 2009 945 2043 usibus
977 2010 1086 2044 omni—

339 2059 440 2093 modis
465 2059 642 2105 profutura‚
667 2058 751 2093 salva
772 2058 865 2093 Seilis
887 2058 1086 2104 Apostolicae

340 2109 533 2143 auctoritate.
557 2107 590 2142 Si
613 2119 675 2154 qua
697 2108 793 2153 igitur
815 2108 845 2141 in
869 2107 1010 2141 futurum
1033 2120 1087 2142 ec-

340 2157 524 2197 clesiastica,
539 2156 748 2192 saecularisve
771 2168 916 2203 persona,
930 2156 1012 2191 hanc
1028 2169 1088 2191 no-

341 2215 420 2240 strae
440 2206 674 2240 constitutionis
690 2206 832 2252 paginam
848 2205 964 2244 sciens,
979 2214 1087 2240 contra

340 2267 409 2290 eam
437 2263 555 2290 temere
583 2256 690 2290 venire
718 2255 900 2293 tentaverit,
927 2255 1086 2293 secundo.

342 2305 471 2339 tertiove
498 2305 699 2345 commonita,
717 2304 775 2338 uisi
798 2304 1086 2351 praesumptionem

342 2365 431 2387 suam
466 2353 623 2399 condigna
655 2353 867 2388 satisfactione
894 2353 1109 2393 correxerit,-

343 2403 504 2447 potestatis
538 2402 730 2450 honorisque
769 2403 818 2437 sui
854 2402 1008 2449 dignitate
1034 2414 1089 2437 ca-

344 2459 425 2494 reat,
458 2463 607 2499 reamque
647 2463 680 2487 se
713 2451 821 2486 divino
863 2451 979 2487 iudicio
1019 2452 1088 2486 exi—

343 2506 424 2534 stere
451 2500 490 2535 de
513 2508 687 2548 perpetrata
710 2500 875 2548 iniquitate
896 2508 1066 2547 cognoscat
1080 2527 1088 2540 ‚

343 2555 374 2581 et
400 2560 416 2582 a
443 2549 661 2585 Sacratissimo
683 2549 825 2597 Corpore
858 2562 894 2584 ac
926 2550 1088 2597 Sanguine

343 2595 398 2631 Dei
425 2605 456 2630 et
476 2596 601 2632 Domini
630 2598 733 2633 Nostri
762 2598 984 2646 Redemptoris
1016 2598 1087 2634 Iesu

1131 495 1224 521 tenus
1248 494 1280 521 et
1305 487 1357 522 hic
1375 486 1514 523 fructum
1537 487 1637 523 bonae
1659 486 1791 522 actionis
1813 499 1879 534 per-

1129 535 1257 582 cipiant,
1279 543 1310 570 et
1331 536 1414 582 apud
1437 535 1614 571 districtum
1636 535 1777 571 Iudicem
1796 549 1879 583 prae-

1129 586 1189 619 mia
1234 592 1379 620 aeternae
1421 586 1508 632 pacis
1552 585 1723 621 inveniant.
1764 585 1878 621 Amen.

1129 634 1243 669 Amen.

1177 683 1250 718 Eoo
1284 683 1457 718 Hosonius
1504 683 1679 718 catholicae
1717 683 1879 719 Ecclesiae

1128 733 1310 779 episcopus.

1897 232 1946 260 Au.
1961 233 1990 259 C.
2010 231 2078 258 ¹2¹6

1915 691 2003 713 nonorii
2016 691 2057 713 PF.

1895 723 2023 750 subscriptio

1916 962 1940 984 Et
1956 964 2054 990 sigilium.

1176 1247 1244 1293 Ego
1278 1246 1428 1282 Nicolaus
1468 1246 1671 1281 Tusculanus
1710 1245 1878 1291 episcopus
1892 1254 2070 1283 Subimipiiones.

1177 1346 1245 1392 Ego
1270 1345 1364 1392 Hugo
1390 1344 1550 1380 Ostiensis
1572 1352 1601 1379 et
1625 1343 1777 1378 Velitren.
1809 1343 1878 1390 epi-

1127 1407 1244 1441 scopus
1265 1394 1452 1441 subscripsi.

1177 1444 1244 1489 Ego
1259 1444 1405 1489 Pelagius
1414 1442 1605 1478 Albanensis
1620 1441 1792 1488 episcopus
1804 1441 1878 1476 sub-

1126 1493 1250 1539 scripsi.

1174 1542 1242 1588 Ego
1269 1541 1417 1576 Cinthius
1442 1540 1476 1575 S.
1505 1539 1665 1575 Laurentii
1696 1540 1727 1574 in
1755 1540 1876 1574 Lucina

1105 1600 1107 1623 1
1127 1591 1291 1637 presbyter
1313 1590 1478 1625 cardinalis
1504 1589 1690 1636 subscripsi.

1177 1640 1242 1686 Ego
1264 1640 1330 1674 Leo
1353 1639 1432 1674 tituli
1453 1638 1587 1674 Sanctae
1608 1638 1723 1673 Crucis
1746 1638 1775 1672 in
1799 1638 1875 1673 Hie-

1127 1691 1264 1723 rusalem
1294 1688 1458 1736 presbyter
1486 1687 1653 1722 cardinalis
1687 1687 1873 1733 subscripsi.

1177 1737 1241 1784 Ego
1275 1737 1436 1772 Robertiis
1470 1736 1551 1771 tituli
1585 1736 1693 1771 Sancti
1721 1736 1872 1782 Stephani

1128 1787 1157 1820 in
1175 1787 1280 1821 Monte
1299 1786 1409 1822 Coelio
1433 1785 1598 1833 presbyter
1619 1785 1786 1820 cardinalis
1805 1785 1878 1819 sub-

1126 1849 1250 1881 scripsi.

1177 1885 1244 1931 Ego
1282 1884 1467 1932 Stephanus
1514 1883 1659 1919 basilicae
1701 1883 1876 1918 Duodecim

1128 1934 1351 1981 Apostolorum
1394 1933 1556 1981 presbyter
1596 1932 1760 1968 cardinalis
1798 1933 1878 1967 sub-

1127 1996 1248 2028 scripsi.

1177 2032 1245 2078 Ego
1273 2032 1387 2067 Petrus
1415 2031 1495 2066 tituli
1524 2031 1630 2066 Sanct'
1654 2031 1816 2066 laurentii
1845 2031 1877 2064 in

1128 2081 1264 2116 Damaso
1292 2082 1455 2128 presbyter
1490 2080 1659 2115 cai-diuaiis
1687 2080 1874 2126 subscripsi.

1177 2130 1245 2176 Ego
1283 2131 1421 2165 Thomas
1454 2129 1535 2164 tituli
1570 2129 1704 2164 Sanctae
1741 2128 1877 2164 Sabinae

1129 2180 1291 2227 presbyter
1314 2179 1483 2214 cardinalis
1509 2178 1694 2225 subscripsi.

1179 2228 1243 2274 Ego
1271 2228 1377 2263 Guido
1404 2228 1511 2263 Sancti
1537 2227 1655 2262 Nicolai
1688 2227 1718 2260 in
1741 2226 1877 2262 carcere..

1127 2276 1273 2312 Tulliano
1306 2277 1458 2312 diaconus
1491 2276 1658 2312 cardinalis
1690 2275 1876 2323 subscripsi.

1177 2331 1246 2377 Ego
1273 2331 1463 2366 Octavianus
1489 2331 1678 2366 Sanctorum
1708 2329 1810 2376 Sergii
1847 2339 1878 2365 et

1129 2384 1244 2418 Bacchi
1274 2385 1427 2419 diaconus
1452 2383 1620 2420 cardinalis
1646 2383 1830 2430 subscripsi.

1178 2438 1245 2484 Ego
1272 2437 1446 2486 Gregorius
1477 2438 1584 2473 Sancti
1611 2436 1771 2472 Theodori
1803 2437 1877 2472 ‹iia-

1129 2504 1228 2526 conus
1250 2492 1417 2527 cardinalis
1442 2491 1629 2538 subscripsi.

1179 2544 1246 2591 Ego
1282 2545 1461 2593 Raynerius
1505 2545 1640 2580 Sanctae
1682 2544 1798 2580 Mai-iae
1847 2559 1877 2581 in

1129 2599 1301 2634 Cosmcdin
1325 2599 1477 2634 diaconus
1502 2598 1670 2633 cardinalis
1691 2598 1876 2647 subscripsi.

1918 1285 2054 1307 cardinalium

1892 1316 1912 1337 S.
1923 1316 1945 1337 R.
1957 1315 2074 1338 socie-iae.
