2129 3223
385 225 453 259 726

335 290 491 333 tinentiis,
513 299 592 335 quae
615 285 741 334 quidem
765 285 803 320 ad
839 298 896 321 nos
930 294 961 321 et
996 291 1099 319 eam-¹

333 339 404 374 dem
440 337 609 374 Ecclesiam
647 335 822 384 specialiter
868 342 899 370 et
938 334 1077 382 plenarie

332 395 498 436 spectant,
521 386 706 434 disponere,
726 384 889 433 providere
905 411 913 423 ,
940 391 1076 419 statuere

331 447 361 472 et
381 437 541 477 ordinare,
573 435 720 483 quodque
759 434 854 469 libere
890 446 925 469 ac
961 433 1076 480 plene,

330 486 449 534 absque
483 486 568 521 omni
607 484 822 532 ambiguitate,
858 494 967 518 secura
1005 493 1078 516 con-

330 537 460 572 scientia
484 547 654 584 possumus
674 534 741 582 ipsa
775 533 804 567 in
841 532 966 567 feudum
998 543 1075 566 con-

329 586 454 631 cedere,
475 597 511 621 ac
537 596 646 620 eorum
683 584 822 630 regimen
845 590 875 617 et
911 580 1075 628 guberna-

330 637 447 671 tionem
478 634 676 670 committere
703 640 796 681 prout
826 631 917 666 nobis
954 637 985 665 et
1015 630 1074 677 ipsi

329 685 491 720 Ecclesiae
508 684 657 732 placuerit
671 690 702 717 et
728 681 901 716 viderimus
915 679 1073 726 expedire.

376 734 396 783 ἓ
422 737 454 770 9.
491 734 532 769 Εῑ
552 732 636 781 quod
663 731 861 778 supradictus
886 728 1075 764 Edmundus

143 795 264 830 Nutu-*uiue
282 792 358 819 ilnet
381 783 537 832 praefatus
563 795 617 818 rex
638 782 788 828 Angliae,
811 781 860 815 cui
889 778 973 814 nulla
996 787 1075 813 tam-

131 825 314 882 {iiflss'f‡¹g¹i⁰sss‘{‡
326 845 421 882 quam
444 847 458 868 a
494 832 577 868 Sede
611 831 802 877 Apostolica,
836 829 881 864 vel
912 828 951 863 de
977 828 1075 875 ipsius

130 889 161 908 *ρ’
177 889 222 908 ‘⁵¹¹³
238 888 287 908 ‘¹¹⁵⁰-
327 883 473 918 mandato
497 890 551 918 aut
585 880 774 916 authoritate
801 879 839 914 de
858 878 958 925 ipsius
978 889 1075 924 regno

325 933 450 968 collatio
469 932 515 967 vel
545 930 710 967 concessio
731 929 808 965 sacta
824 929 892 971 suit,
910 939 966 963 seu
982 939 1075 974 quae-

325 983 371 1017 vis
396 982 453 1017 alia
478 992 610 1030 persona
634 987 756 1028 praeter
778 980 878 1026 ipsam
899 976 1072 1012 Ecclesiam

325 1032 355 1067 iu
377 1031 497 1067 eisdem
525 1042 622 1078 regno
654 1037 686 1064 et
720 1037 800 1064 terra
835 1026 913 1062 nihil
950 1026 1074 1074 penitus

324 1082 402 1118 iuris
436 1079 547 1122 habet3
583 1090 641 1115 nee
667 1078 735 1125 ipse
770 1075 979 1117 Edmundus,
1016 1087 1074 1111 nec

324 1138 517 1167 memoratus
549 1141 603 1164 rex
638 1136 724 1176 pater
757 1127 844 1172 eius,
876 1137 936 1161 nec
961 1125 1074 1172 aliquis

322 1180 405 1216 alius
432 1187 562 1228 possunt
586 1190 644 1214 nos
673 1185 703 1213 et
730 1176 874 1212 eamdem
897 1173 1072 1210 Ecclesiam

323 1229 563 1279 quomodolibet
584 1226 751 1275 impedire,
776 1238 836 1261 nec
861 1223 988 1272 aliquod
1011 1236 1074 1258 un-

323 1292 417 1328 quam
442 1279 641 1327 interponere
674 1275 895 1320 obstaculum,
921 1273 998 1321 quin
1033 1273 1073 1308 de

324 1329 400 1377 ipsis
420 1340 518 1376 regno
539 1336 570 1363 et
596 1335 675 1362 terra
701 1337 759 1374 pro
787 1332 894 1359 nostro
920 1322 1072 1370 benepla-

138 1381 309 1420 R0¹³¹¹5¹³ff¹³0491
323 1380 385 1414 cito
408 1378 504 1414 libere
525 1376 721 1413 ordinemus.
743 1374 785 1410 Ut
802 1381 906 1410 autem
924 1373 1002 1407 haec
1020 1384 1072 1407 no-

125 1415 238 1465 {iimmn'
255 1415 309 1435 ³⁶¹¹*
322 1436 385 1464 stra
413 1427 638 1475 pronuntiatio,
657 1424 802 1473 prolatio,
826 1422 993 1463 revocatio,
1008 1434 1073 1456 cas-

322 1478 422 1522 satio,
449 1477 577 1512 irritatio
601 1483 632 1510 et
652 1474 807 1509 nuntiatio
828 1484 865 1508 ac
891 1471 1072 1515 declaratio,

323 1526 543 1571 manifestatio,
577 1524 759 1565 notificatio,
786 1521 984 1557 denuntiatio
1009 1520 1071 1554 illi-

322 1577 413 1612 batae
431 1584 587 1625 perpetuo
612 1580 771 1612 maneant,
794 1579 823 1607 et
850 1571 1070 1606 inconcussam

323 1638 450 1674 semper
472 1625 633 1661 obtineant
656 1622 846 1664 firmitatem,
868 1632 920 1656 eas
939 1620 970 1654 in
986 1631 1073 1666 prae-

322 1676 404 1711 senti
430 1674 587 1711 conscribi
616 1680 647 1708 et
680 1671 823 1707 annotari
858 1670 970 1718 pagina
996 1667 1072 1703 seci-

323 1738 410 1767 mus,
437 1732 542 1760 nostra
582 1731 612 1759 et
636 1722 766 1757 fratrum
794 1728 972 1755 nostrorum
995 1717 1073 1752 sub-

322 1774 560 1823 scriptionibus,
594 1772 632 1808 ad
667 1778 850 1819 perpetuam
872 1768 1071 1808 memoriam,

323 1825 477 1860 roborata.

370 1874 456 1909 Nulli
491 1884 566 1920 ergo
607 1870 737 1907 omnino
778 1868 943 1904 hominum
983 1866 1073 1901 liceat

157 1930 273 1950 fimum>
322 1925 403 1960 hanc
418 1924 562 1972 paginam
579 1930 703 1956 nostrae
718 1917 990 1967 pronuntiationis,
1006 1928 1074 1963 pro-

323 1974 464 2014 lationis,
487 1971 712 2010 revocationis,
740 1968 937 2012 cassationis,
965 1967 1072 2000 irrita—

323 2024 418 2058 tionis
460 2030 492 2057 et
530 2020 750 2060 nuntiationis,
776 2031 812 2053 ac
833 2017 1073 2060 declarationis,

324 2071 595 2112 manifestationis,
628 2068 848 2104 notificationis
880 2079 916 2102 ac
948 2065 1074 2100 denun-

325 2122 462 2159 tiationis
484 2121 664 2167 infringere,
687 2118 734 2153 vel
757 2118 785 2153 ei
807 2129 884 2152 ausu
909 2115 1074 2151 temerario

325 2172 490 2209 contraire.
523 2170 557 2206 Si
587 2169 659 2218 quis
692 2176 795 2203 autern
831 2167 891 2202 hoc
922 2173 1074 2200 attentare

326 2220 593 2271 praesumpserit,
639 2217 882 2265 indignationem
928 2215 1074 2261 omnipo-

325 2272 419 2307 tentis
454 2270 513 2305 Dei
547 2278 578 2305 et
611 2268 773 2304 beatorum
810 2265 894 2302 Petri
921 2274 951 2300 et
985 2263 1075 2298 Pauli

326 2320 537 2370 apostolorum
563 2320 631 2353 eius
653 2330 686 2353 se
714 2316 837 2352 noverit
862 2315 1073 2350 incursurum.

139 239 190 265 An.
208 238 236 265 C.
256 240 320 266 1263

144 2383 234 2402 riman
273 2380 309 2400 re<
374 2371 447 2407 Eoo
469 2368 623 2404 Caunus
648 2366 820 2406 catholicae
837 2364 997 2400 Ecclesiae
1013 2363 1076 2410 epi-

327 2432 452 2468 scopus.

132 2489 152 2503 u
174 2482 193 2503 s
212 2482 224 2501 u
255 2481 312 2502 ficei<
375 2470 442 2517 Ego
464 2468 536 2504 odo
560 2465 762 2503 Tusculanus
783 2465 963 2512 episcopus.

132 2515 256 2573 {ssffig‘j'm
376 2519 445 2567 Ego
461 2517 643 2566 Stephanus
653 2515 878 2551 Praenestinus
894 2515 1075 2561 episcopus.

378 2568 449 2616 Ego
482 2568 576 2603 frater
610 2567 742 2602 loannes
781 2564 967 2600 portuensis
1001 2562 1077 2609 epi-

328 2629 451 2665 scopus.

919 230 1105 254 BULLAtumi
1133 229 1295 253 ROMANUM

1167 283 1232 330 Ego
1262 283 1452 331 Rodulphus
1478 283 1666 319 Albanensis
1686 282 1862 331 episcopus.

1166 333 1235 380 Ego
1262 332 1407 368 Audet-us
1442 333 1522 368 tituli
1548 333 1681 368 Sanctae
1715 332 1864 368 Praxedis

1117 383 1279 431 presbyter
1304 383 1479 417 cardinalis.

1166 432 1233 478 Ego
1265 432 1357 467 frater
1393 431 1499 467 Guido
1537 431 1616 468 tituli
1643 432 1751 467 Sancti
1778 431 1863 466 Lau-

1117 483 1205 516 rentii
1234 482 1263 516 in
1286 481 1406 516 Lucina
1430 482 1589 529 presbyter
1609 481 1693 517 card.

1164 530 1459 577 Ego-Guttlelmus
1496 531 1576 567 tituli
1617 530 1726 566 Sancti
1764 530 1861 565 Marci

1116 581 1279 629 presbyter
1299 581 1381 616 card.

1164 630 1231 677 Ego
1264 630 1356 666 frater
1394 629 1567 664 Auibaldus
1600 629 1746 665 basilicae
1774 629 1861 664 Duo-

1115 679 1215 714 decim
1244 680 1465 726 Apostolorum
1495 678 1654 726 presbyter
1676 680 1760 714 card.

1163 729 1231 776 Ego
1250 728 1424 764 Riccardus
1444 729 1550 764 Sancti
1575 728 1685 775 Angeli
1709 729 1860 763 diaconus

1115 778 1292 813 cardinalis.

1163 828 1231 875 Ego
1269 827 1460 863 Octavianus
1503 827 1636 862 Sanctae
1681 827 1796 862 Mariae
1829 828 1860 861 in

1114 877 1232 912 Vialata
1253 877 1405 912 diaconus
1427 877 1510 913 card.

1163 927 1229 974 Ego
1260 926 1393 963 loannes
1431 926 1535 963 Sancti
1569 926 1688 962 Nicolai
1724 928 1755 961 in
1783 926 1862 961 Car-

1114 988 1183 1011 cere
1209 976 1355 1011 Tulliano
1382 976 1534 1012 diaconus
1555 976 1637 1011 card.

1163 1026 1231 1074 Ego
1258 1026 1438 1062 Ottobonus
1463 1026 1569 1061 Sancti
1596 1026 1727 1061 Adriani
1755 1026 1861 1061 diaeo-

1115 1088 1173 1110 nus
1192 1075 1370 1111 cardinalis.

1162 1126 1229 1172 Ego
1257 1125 1388 1160 Iacobus
1421 1125 1552 1160 Sanctae
1585 1125 1700 1160 Mariae
1728 1126 1758 1160 in
1779 1124 1861 1160 Cos-

1114 1175 1217 1209 medin
1246 1175 1399 1210 diaconus
1425 1175 1509 1210 card.

1160 1224 1229 1271 Ego
1250 1223 1439 1260 Gottifridus
1456 1223 1563 1259 Sancti
1585 1223 1713 1271 Georgii
1736 1223 1774 1258 ad
1796 1222 1860 1258 Ve-

1113 1275 1176 1309 lum
1204 1274 1343 1309 Aureum
1371 1273 1523 1309 diaconus
1544 1274 1627 1309 card.

1162 1323 1230 1370 Ego
1257 1324 1409 1359 lor-danus
1443 1322 1632 1358 Sanctorum
1660 1322 1794 1358 Cosmae
1830 1330 1860 1356 et

1113 1373 1253 1408 Damiani
1282 1373 1434 1408 diaconus
1456 1373 1539 1408 card.

1161 1423 1229 1470 Ego
1251 1423 1427 1458 Matthaeus
1449 1422 1581 1458 Sanctae
1605 1422 1719 1457 Mariae
1738 1422 1767 1456 in
1787 1421 1861 1456 Por-

1112 1473 1174 1507 ticu
1202 1473 1355 1508 diaconus
1373 1472 1459 1507 card.

1160 1522 1274 1556 Datum
1292 1522 1427 1565 Perusii,
1448 1530 1559 1568 quarto
1578 1520 1727 1556 kalendas
1745 1520 1859 1559 martii,

1111 1571 1310 1618 pontificatus
1338 1572 1433 1606 nostri
1457 1583 1539 1606 anno
1562 1572 1671 1618 primo.

1139 1633 1199 1663 Dat.
1219 1634 1265 1663 die
1283 1633 1320 1663 '⁴2ss
1336 1633 1476 1663 februarii
1498 1633 1580 1669 1955,
1598 1632 1700 1671 pontis.
1718 1641 1828 1662 annor.

1457 1796 1508 1830 tlt.

1114 1881 1273 1914 Restitutio
1324 1880 1485 1925 diynieatis
1530 1878 1706 1923 episcopalis
1742 1878 1860 1911 civitati

1161 1938 1187 1963 et
1214 1930 1366 1964 Ecclesiae
1404 1929 1622 1973 Fulqi‘naten.,
1648 1938 1711 1972 qua
1733 1928 1857 1971 privata

1161 1982 1261 2024 ficerat
1295 1981 1331 2013 ob
1356 1979 1568 2013 adhaesionem
1594 1977 1751 2011 Friderico
1784 1976 1857 2010 olim

1162 2030 1339 2074 imperatori
1365 2030 1426 2071 (4).

1387 2105 1600 2137 SUMMARIUM

1114 2170 1277 2201 Exordium.
1295 2187 1334 2192 —
1356 2170 1378 2199 1.
1394 2169 1618 2206 Fulginatenses
1641 2171 1725 2198 antea
1743 2168 1858 2206 episco-

1155 2220 1221 2254 patu
1250 2215 1371 2254 privati3
1392 2231 1431 2236 —
1458 2214 1486 2243 2.
1516 2213 1558 2243 Ad
1581 2213 1747 2243 fidelitatem
1762 2220 1859 2242 rever-

1155 2260 1260 2297 tentes‘p
1284 2276 1321 2281 —
1339 2259 1365 2289 3.
1384 2259 1489 2289 Eadem
1513 2258 1669 2288 donantur.

1158 2330 1277 2359 Clemens
1306 2331 1446 2367 episcopus
1476 2336 1571 2358 servus
1589 2334 1729 2358 servorum
1757 2327 1813 2359 Det.

1278 2381 1313 2408 ad
1331 2380 1455 2409 suturam
1473 2379 1513 2409 rei
1527 2378 1695 2407 memoriam.

1163 2453 1252 2488 Sicut
1275 2452 1378 2499 magni
1407 2450 1550 2486 beneficii
1572 2448 1723 2484 indicium
1745 2454 1793 2483 est
1810 2458 1860 2482 ex-

1115 2503 1257 2537 cessibus
1281 2509 1543 2549 persequutorum
1567 2497 1726 2533 Ecclesiae
1752 2496 1859 2532 medi-

1116 2552 1224 2587 cinalis
1246 2551 1374 2586 ultionis
1391 2550 1564 2585 antidotum
1586 2548 1686 2583 obiter
1699 2546 1859 2587 adhibere,

1151 2623 1189 2657 (1)
1207 2622 1243 2648 Ex
1265 2621 1369 2656 Regcst.
1391 2619 1473 2646 Vatic.

1878 228 1929 255 An.
1947 227 1974 254 C.
1995 228 2060 256 ⁴263

2082 2451 2090 2475 ‘⁵
2078 1901 2113 2438 ‘ffmmwm-m·
2096 1851 2112 1894 »52
2097 1818 2108 1839 s.
2098 1781 2105 1808 -i
2103 1764 2107 1771 .

1904 2461 2020 2482 Exordium.
2076 2433 2086 2454 c
