2129 3223
3 833 14 870 ξ
53 845 124 868 Datum
133 845 180 866 atii·
186 845 229 866 ndi·

4 884 15 894 ν
35 876 228 906 ,pruenti-eliber-

7 1134 13 1142 ·
0 948 29 1123 Ἰᾞτ-ιὴκ..

2 1563 6 1568 ”
43 1567 133 1595 apostol.
143 1567 226 1589 illorum

51 251 100 277 ᾸΙΙ.
116 250 146 276 C.
166 248 228 275 ¹251

248 310 318 337 ante
334 301 460 351 praefati
477 299 627 335 Friderici
646 298 811 334 decessum
831 300 990 346 proposito

44 352 339 386 ·ue-vo¹¹·=n0r2=mtirmo
371 357 573 397 conceperat;
605 348 645 382 de
679 348 795 393 divino,
832 357 863 385 et
885 349 990 384 Matris

50 384 154 407 cottana-u
179 390 232 405 con-
360 401 366 407 ,
689 398 694 403 .

49 415 229 437 ‚mmmmm-
249 400 404 436 Ecclesiae
426 399 542 434 confisa
569 397 716 444 suffragio
739 407 917 433 constanter
938 411 989 433 as-

49 444 232 504 {ffi'mssffl'ffffi
246 451 394 497 sumpsit,
421 450 569 483 resistens
594 455 736 495 patenter
763 448 905 494 praefatis
932 460 985 482 ne—

48 510 116 534 rem·-
245 499 360 546 quitiae
386 497 470 537 filiis,
491 509 665 544 eorumque
691 505 822 532 conatus
843 497 988 532 assiduos

245 548 381 583 virtuose
413 547 617 594 propulsans,
650 547 759 594 sieque
793 547 823 580 in
853 548 989 594 reliquos

243 597 316 632 dicti
341 597 426 644 regni
449 609 485 631 ex
503 595 685 632 huiusmodi
715 596 909 642 repugnandi
931 609 989 630 au-

243 647 328 682 dacia
363 645 611 682 commendanda
640 645 802 680 resistendi
837 645 987 680 transfusa

243 696 374 739 fiducia,
408 695 638 742 praedictorum
677 695 854 741 iniquorum
889 703 989 729 teme-

243 746 344 780 rarius
372 745 546 781 refrenatus
572 753 617 779 est
645 756 751 783 ausuS,
780 753 809 779 et
831 744 987 791 superbus

243 795 426 830 eorumdem
454 805 620 841 processus
647 806 709 828 non
737 793 899 828 modicum
928 793 988 828 im-

245 844 379 891 peditus.
403 843 471 878 Non
503 843 534 877 in
565 843 624 877 hoc
650 844 757 889 utique
782 843 891 877 civitas
921 844 985 890 ipsa

47 906 226 934 utinen-ptum.
243 894 405 941 proprium
431 893 590 927 dumtaxat
615 893 747 926 attendit
773 893 986 932 commodum,

243 955 304 978 non
327 942 394 978 suis
414 949 533 977 tantum
553 941 740 976 utilitatibus
768 941 913 982 inhiavit,
932 941 985 976 sed

241 992 288 1027 ad·
307 992 464 1039 profectus
500 990 640 1038 profecto
672 1002 857 1025 communes
893 1003 986 1036 purae

241 1041 425 1077 intentionis
443 1040 558 1075 direxit
575 1040 732 1080 affectum,
752 1039 894 1087 publicae
912 1052 988 1087 quo-

240 1089 408 1126 dammodo
451 1089 663 1136 tranquillitati
705 1097 735 1123 et
773 1089 985 1124 commoditati

851 244 1060 268 tNNOCENTtt‘s
1083 245 1114 267 lv
1138 245 1186 266 m’.

1659 235 1727 267 5455

1031 299 1204 334 dummodo
1238 299 1344 334 fideles
1378 300 1423 335 vel
1457 300 1587 336 devotos
1617 299 1777 336 Ecclesiae

1029 350 1213 391 assumatis,
1237 358 1267 384 et
1289 350 1319 383 in
1342 351 1465 385 statutis
1490 349 1640 392 edendis,
1662 350 1702 385 ita
1728 358 1775 385 ta—

1031 411 1102 433 men
1125 399 1209 446 quod
1233 398 1308 433 nihil
1339 399 1368 433 in
1395 400 1442 434 eis
1468 409 1574 435 contra
1609 399 1774 447 praefatam

1030 447 1203 483 Romanam
1224 447 1408 488 Ecclesiam,
1430 458 1460 483 et
1482 449 1654 485 libertatem
1673 450 1776 486 eccle-

1029 498 1184 533 siasticam
1213 499 1431 544 praesumatis,
1453 510 1489 532 ac
1509 499 1590 539 aliis,
1605 500 1773 546 apostolica

1022 547 1212 582 auctoritate
1242 547 1457 587 concedimus,
1485 560 1578 594 quam
1603 548 1710 584 fideles
1736 549 1775 583 de

1030 596 1217 642 patrimonio
1251 596 1312 631 divi
1340 596 1423 631 Petri
1448 597 1561 632 habere
1589 606 1771 633 noscuntur.

1029 645 1127 681 Porro
1157 645 1356 681 rationabiles
1383 647 1631 682 consuetudines
1656 659 1773 694 appro-

1031 695 1116 731 batas
1137 695 1256 730 dudum
1286 696 1315 729 in
1343 696 1465 730 civitate
1489 696 1566 743 ipsa,
1593 705 1623 730 et
1645 697 1773 744 pacifici·

1029 745 1207 780 observatas
1230 756 1329 792 usque
1350 744 1387 779 ad
1404 753 1540 792 tempus,
1557 758 1621 792 quo
1649 747 1708 780 iam
1724 746 1774 781 di-

1029 803 1100 829 etus
1136 794 1318 829 Fridericus
1350 806 1424 829 suas
1459 795 1700 830 constitutiones
1742 796 1771 829 in

1029 855 1126 890 regno
1152 844 1253 878 edidit
1275 852 1458 883 memorato,
1482 856 1604 878 necnon
1632 852 1662 879 et
1688 844 1773 879 ordi-

1029 894 1173 928 nationes
1189 903 1259 940 post
1274 893 1374 940 ipsius
1388 892 1539 928 Friderici
1555 893 1675 928 obitum
1694 894 1772 928 inter

1029 942 1143 978 milites
1169 950 1200 978 et
1227 942 1394 989 populares
1415 943 1548 977 civitatis
1566 942 1721 988 eiusdem,
1743 953 1771 978 et

1029 1004 1085 1038 pro
1108 991 1189 1027 bouo
1208 1000 1238 1026 et
1260 992 1391 1039 pacifico
1413 992 1514 1039 ipsius
1535 992 1669 1027 civitatis
1690 1000 1771 1027 statu

1027 1040 1067 1075 ad
1088 1040 1241 1076 honorem
1270 1041 1428 1076 Ecclesiae
1450 1040 1550 1085 factis,
1578 1053 1673 1089 super
1694 1043 1772 1089 qui—

1028 1089 1087 1125 bus
1115 1092 1320 1125 instrumenta
1347 1090 1496 1126 dicuutur
1525 1103 1594 1125 esse
1621 1089 1773 1128 confecta:

241 1140 411 1188 prospexit,
442 1140 474 1174 in
506 1139 656 1174 libertatis
683 1138 811 1186 quidem
839 1139 985 1185 antiquae
1005 1153 1009 1189 Ι
1029 1139 1116 1175 vobis
1137 1140 1176 1175 de
1202 1140 1332 1187 speciali
1359 1140 1456 1186 gratia
1478 1139 1712 1175 confirmamus,

241 1190 478 1237 recuperatione
501 1187 707 1236 praeambula.
731 1188 761 1222 in
789 1187 986 1222 exhibitione

242 1239 351 1286 plenae
373 1238 548 1274 devotionis
568 1238 715 1282 anterior,
743 1238 837 1284 prior,
864 1249 898 1271 ac
928 1250 986 1284 po-

240 1289 300 1324 tior
324 1298 432 1323 contra
456 1288 571 1328 hostes,
598 1295 628 1321 et
660 1287 688 1321 in
719 1286 882 1333 magnilica
911 1287 985 1321 tanti

241 1337 357 1384 negotii
396 1337 617 1384 prosecutione
652 1336 867 1383 conspectior,
903 1335 985 1370 unde

240 1386 329 1422 valde
351 1387 524 1434 promeruit
543 1385 726 1432 specialium
749 1384 984 1432 privilegiorum

241 1436 387 1483 insigniis
408 1447 424 1470 a
446 1435 529 1470 Sede
557 1434 736 1482 Apostolica
759 1434 910 1468 decorari.

287 1485 354 1520 Nos
387 1485 482 1531 igitur
518 1484 698 1531 praemissis
731 1483 878 1518 omnibus
914 1483 986 1517 dili-

56 1535 80 1557 ¹·¹
105 1535 225 1558 0¹⁵‘m‘1ffl
239 1535 324 1582 genti
369 1533 622 1569 consideratione
662 1533 812 1580 pensatis,
849 1533 986 1567 volentes

7 1607 9 1609 -
43 1598 208 1626 auersam..
240 1592 404 1632 propterea
434 1583 576 1618 eiusdem
606 1582 828 1628 Neapolitanae
853 1582 986 1616 civitatis

3 1789 11 1807 t
58 1782 157 1805 nemina
177 1786 227 1804 tan-

0 2166 26 2299 stfflfffld

238 1633 388 1668 honorem
413 1633 589 1680 praedictae
609 1631 704 1667 Sedis
725 1632 815 1666 donis
837 1631 986 1665 sublimi—

239 1683 298 1718 bus
323 1691 354 1718 et
379 1683 540 1730 perpetuis
561 1681 720 1728 ampliare,
740 1681 850 1716 vestris
873 1681 902 1714 in
928 1681 985 1715 hoc

238 1732 402 1768 desideriis
422 1744 554 1766 assensu
576 1731 728 1765 benevolo
749 1730 983 1765 concurrendo:

44 1816 86 1835 m
105 1813 228 1841 &dmo-
241 1793 390 1828 personas
417 1789 549 1818 vestras,
580 1788 609 1814 et
638 1780 792 1814 civitatem
822 1779 920 1826 ipsam
954 1781 983 1812 in

0 1851 22 1865 κ,
44 1843 133 1894 antiqu
159 1843 227 1865 obno-
240 1831 437 1866 devotionem
471 1830 564 1864 Sedis
604 1829 804 1875 persistentes
843 1828 983 1862 eiusdem

16 1883 27 1894 ¹.
44 1876 91 1896 xio:
112 1878 192 1896 ututur.

241 1892 312 1914 cum
329 1879 478 1914 omnihus
497 1879 598 1921 bonis,
617 1887 682 1915 etc„
704 1890 795 1922 usque
812 1879 986 1911 communi—

243 1941 324 1971 mus;
345 1928 385 1963 de
407 1928 535 1962 fratrum
558 1936 735 1961 nostrorum
754 1926 899 1965 consilio,
921 1935 985 1961 sta-

242 1986 376 2017 tuentes,
399 1986 433 2012 ut
454 1977 562 2012 eadem
585 1977 691 2011 civitas
714 1985 865 2023 perpetuo
893 1988 983 2022 prae-

241 2028 320 2062 fatae
340 2026 434 2062 Sedis
459 2033 632 2061 remaneat:
664 2025 703 2060 ita
731 2024 816 2072 quod
843 2024 983 2060 Romana

240 2076 380 2112 Ecclesia
403 2087 530 2122 semper
555 2075 673 2121 absque
700 2074 763 2109 ullo
787 2074 889 2109 medio
912 2075 985 2109 reti-

242 2138 320 2161 nens
346 2125 428 2160 illam
451 2124 521 2163 sibi,
545 2125 625 2158 sicut
647 2132 759 2158 terram
779 2123 984 2170 Campaniae,

242 2175 288 2210 vel
315 2174 501 2218 Maritimae,
529 2184 688 2220 nunquam
712 2185 779 2207 eam
808 2185 823 2207 a
846 2185 903 2207 suo
931 2186 985 2207 ex-

240 2224 346 2261 cludat
370 2225 509 2271 gremio⁷
542 2234 644 2269 neque
672 2222 840 2268 aliquando
874 2222 984 2267 ipsam,

240 2274 289 2309 vel
315 2274 365 2309 ius
386 2272 682 2321 quomodocumque
710 2271 739 2305 in
767 2283 813 2311 ea,
835 2283 888 2306 seu
913 2284 985 2318 per-

242 2323 397 2364 tinentiis,
423 2331 476 2357 aut
505 2322 536 2355 in
558 2321 713 2356 territorio
740 2320 809 2355 eius
838 2321 984 2367 cuiquam

241 2373 306 2408 sive
326 2371 519 2419 imperatori,
546 2371 610 2405 sire
636 2370 712 2416 regi,
734 2371 798 2404 sive
825 2369 908 2407 duci,
931 2378 983 2404 aut

243 2423 390 2469 principi,
417 2421 462 2456 vel
491 2420 609 2462 comiti,
636 2431 690 2453 seu
722 2419 912 2464 cuicumque
934 2420 985 2453 alii

68 2481 206 2517 {rm-clenni
244 2483 393 2518 personae
418 2469 579 2506 concedat.
603 2468 684 2503 Sane
712 2477 746 2502 ut
771 2480 808 2502 ex
830 2467 986 2502 affluentia

47 2513 229 2539 'mmmmm'
244 2521 466 2556 beneficiorum
493 2519 586 2554 Sedis
613 2518 752 2552 eiusdem
775 2518 892 2551 exultet
918 2519 984 2563 ipsa

65 2546 211 2596 Ἦᾞὲιῖῑιῑφ
244 2569 353 2604 civitas
365 2569 481 2616 gaudio
499 2568 643 2616 pleniori,
658 2566 744 2601 vobis
757 2567 840 2600 illam
856 2568 985 2601 omnino

244 2619 417 2654 libertatem
455 2618 487 2652 in
526 2617 721 2652 assumendis
761 2616 1009 2667 potestatihu573

323 2674 397 2705 Ball.
415 2674 493 2704 Rom.
517 2673 572 2703 Vol.
590 2673 640 2702 III.
831 2671 868 2702 69

1076 1188 1124 1223 Ad
1148 1189 1225 1224 haec
1245 1189 1361 1234 omnia,
1382 1201 1463 1236 quae
1489 1189 1597 1224 civitas
1623 1191 1700 1236 ipsa,
1724 1190 1769 1224 vel

1028 1239 1110 1274 cives
1136 1239 1303 1285 aliquando
1332 1247 1511 1279 tenuerunt,
1537 1251 1670 1286 quorum
1700 1240 1771 1286 qui·

1027 1287 1098 1322 dem
1127 1289 1205 1323 iusta
1233 1300 1288 1335 per
1319 1288 1512 1334 superiorem
1547 1288 1677 1335 privatio
1707 1300 1769 1323 non

1027 1345 1166 1384 apparet,
1189 1337 1328 1384 exceptis
1355 1339 1400 1376 iis,
1416 1349 1496 1384 quae
1518 1349 1573 1384 per
1596 1337 1771 1384 singulares

1029 1399 1177 1434 personas
1194 1386 1346 1433 praefatae
1367 1387 1500 1421 civitatis
1523 1387 1620 1421 teneri
1639 1399 1773 1422 noscun-

1027 1444 1088 1480 tur,
1121 1436 1314 1470 universitati
1342 1444 1461 1470 vestrae
1483 1435 1706 1471 confirmamus
1733 1436 1771 1470 de

1027 1485 1203 1532 praedictae
1225 1485 1319 1520 Sedis
1341 1485 1553 1520 munificentia
1577 1485 1709 1520 liberali.

1078 1534 1283 1570 Decernimus
1304 1547 1390 1580 ergo,
1414 1544 1446 1570 ut
1469 1534 1548 1570 nulli
1569 1536 1697 1570 omuino
1720 1535 1772 1569 ho-

1027 1584 1147 1619 minum
1171 1585 1260 1619 liceat
1283 1585 1363 1619 hanc
1390 1585 1535 1631 paginam
1559 1594 1681 1619 nostrae
1705 1597 1772 1631 pro-

1027 1643 1180 1673 tectioius,
1195 1642 1438 1675 constitutiouts‘,
1457 1646 1679 1673 concessionis,
1695 1647 1771 1669 con-

1028 1683 1211 1718 firmationis
1240 1693 1269 1718 et
1300 1683 1473 1718 collationis
1507 1683 1689 1729 iufringere,
1724 1683 1769 1717 vel

1027 1733 1053 1767 ei
1076 1745 1153 1768 ausu
1182 1733 1347 1767 temerario
1368 1732 1533 1767 contraire.
1561 1732 1593 1767 Si
1622 1745 1680 1780 qua
1705 1733 1769 1779 igi-

1027 1792 1077 1817 tur
1100 1783 1131 1817 in
1153 1782 1291 1817 futurum
1314 1782 1537 1821 ecelesiastica,
1565 1784 1769 1817 saecularisve

1028 1843 1158 1877 persona
1176 1833 1316 1878 paginam
1335 1833 1433 1878 ipsam
1448 1832 1563 1871 sciens,
1577 1840 1681 1866 contra
1700 1844 1766 1866 eam

1027 1882 1131 1915 venire
1160 1882 1333 1924 tentaverit,
1355 1881 1506 1920 secundo,
1529 1882 1659 1915 tertiove
1682 1893 1769 1915 com—

1028 1931 1155 1971 monita,
1183 1931 1243 1965 nisi
1277 1940 1397 1965 reatum
1428 1942 1521 1965 suum
1553 1941 1688 1976 congrua
1718 1943 1768 1965 sa-

1028 1980 1201 2015 tisfactione
1223 1980 1404 2023 correxerit,
1427 1980 1599 2027 potestatis,
1623 1981 1768 2014 honoris-

1026 2043 1088 2076 que
1125 2030 1173 2064 sui
1211 2029 1363 2075 dignitate
1398 2038 1518 2072 careat,
1557 2041 1702 2075 reamque
1736 2042 1769 2063 se

1026 2080 1131 2114 divino
1151 2078 1266 2113 iudicio
1277 2079 1408 2114 existere
1421 2079 1460 2114 de
1475 2087 1649 2126 perpetrata
1664 2079 1770 2124 iniqui-

1026 2141 1087 2167 tate
1102 2141 1282 2179 cognoscat,
1297 2141 1327 2167 et
1341 2146 1356 2166 a
1371 2133 1577 2167 sacratissimo
1592 2132 1730 2178 Corpore
1741 2141 1769 2165 et

1025 2186 1187 2233 Sanguine
1220 2187 1276 2221 Dei
1317 2194 1347 2220 et
1380 2186 1509 2221 Domini
1549 2184 1770 2230 Redemptoris

1027 2241 1122 2275 nostri
1149 2240 1217 2275 Iesu
1251 2240 1368 2275 Christi
1396 2239 1495 2274 aliena
1529 2239 1595 2281 liat,
1621 2246 1714 2285 atque
1739 2239 1768 2272 in

1026 2303 1165 2329 extremo
1191 2294 1334 2328 examine
1368 2293 1524 2328 districtae
1553 2292 1661 2327 ultioni
1695 2293 1768 2327 sub-

1029 2349 1136 2382 iaceat.
1174 2347 1307 2382 Cunctis
1345 2356 1448 2381 autem
1489 2347 1630 2393 paginam
1672 2347 1767 2393 ipsam

1027 2401 1266 2437 observantibus
1287 2403 1327 2436 sit
1350 2414 1407 2449 pax
1428 2401 1555 2435 Domini
1579 2400 1681 2436 Nostri
1703 2401 1768 2436 lesu

1027 2456 1158 2496 Christi,
1185 2464 1341 2503 quatenus
1368 2464 1398 2489 et
1428 2455 1479 2489 hic
1505 2454 1639 2489 fructum
1672 2454 1769 2490 bona«¹

1027 2511 1159 2545 actionis
1193 2510 1380 2558 percipiant,
1413 2517 1442 2544 et
1475 2508 1556 2555 apud
1595 2508 1767 2543 districtum

1027 2564 1166 2599 Iudicem
1186 2563 1322 2612 praemia
1340 2574 1481 2598 aeternae
1499 2562 1584 2610 pacis
1602 2563 1767 2598 inveniant.

1026 2619 1139 2653 Amen.

1792 245 1842 270 An.
1860 243 1966 270 01851

1795 656 1914 684 Probasque
1922 663 1972 678 cun-

1788 689 1831 709 ssrm
1839 690 1854 706 «t
1878 693 1970 708 cousue-

1788 719 1877 740 tudtnes.

1797 1201 1969 1228 Ereptapraete-

1785 1234 1825 1254 rita
1834 1234 1879 1253 iura
1893 1233 1912 1253 in
1929 1239 1968 1252 an-

1785 1267 1864 1291 tiquum
1892 1266 1967 1284 statum

1784 1295 1884 1314 restituit.

1816 1537 1925 1558 Clausulas
