2129 3223
77 250 128 278 An.
144 251 173 278 C.
193 253 258 280 12115

272 306 482 343 innocentiam
504 319 639 354 congrua
663 308 845 354 purgatione
866 315 1014 342 monstra·

272 357 390 397 verint,·
418 365 576 404 tamquam
605 356 737 392 infames
771 366 801 392 et
831 357 949 392 banniti
975 356 1014 392 ab

270 405 418 442 omnibus
442 405 633 441 habeantur:
656 406 696 441 ita
723 406 807 454 quod
833 407 858 441 si
884 419 936 452 per
957 419 1014 441 an-

271 467 346 490 num
380 456 632 501 permanserint,
666 467 703 490 ex
738 464 814 490 tune
844 468 898 490 eos
932 457 1014 491 sicut

271 504 444 540 haereticos
465 505 723 540 condemnamus.

317 553 391 601 §2-
425 553 600 590 Statuimus
626 554 718 589 etiam
754 554 814 589 hoc
844 554 947 589 edicto
981 555 1011 589 in

81 610 255 660 respuimu-
269 611 458 651 perpetuum
478 603 621 644 valituro,
644 612 677 638 ut
701 611 868 651 potestates
889 612 919 638 et
936 616 1013 638 eon·

71 645 166 693 :iiiiiiuni
191 646 255 692 ¹32?ss
268 652 364 693 sutes.
390 665 444 688 sen
480 662 632 697 rectores,
653 653 906 700 quibuscumque
941 653 1013 688 fun—

71 703 253 755 ξἐῗὲζῖξὲῖῃζ·
268 709 381 748 gantur
401 702 523 746 officiis,
545 715 600 750 pro
621 702 805 738 defensione
826 702 898 737 fidei
922 714 1012 749 prae-

267 759 351 786 stent
388 752 550 799 publicum
586 752 819 793 iuramentum,
852 753 936 800 quod
971 752 1011 787 de

268 802 358 836 terris
372 813 446 836 suae
468 801 576 837 ditioni
596 802 747 836 subiectis
765 802 929 837 universos
944 801 1010 836 hae-

267 850 381 887 reticos
406 850 444 885 ab
470 850 612 891 Ecclesia
641 851 817 891 denotatos,
844 851 924 886 bona
952 851 1011 886 fide

267 912 324 947 pro
355 900 474 935 viribus
507 900 714 936 exterminare
747 900 930 936 studebunt.
967 900 1010 935 lta

265 949 501 997 quodammodo
526 950 791 998 quandocumque
818 951 888 998 quis
920 950 1010 985 fuerit

265 999 298 1034 in
334 1007 514 1047 perpetuam
544 999 739 1036 honestatem
766 1003 822 1044 (t),
848 1000 895 1034 vel
930 1008 1010 1034 tem-

265 1049 403 1097 poralem
426 1058 620 1097 assumptus,
644 1050 704 1085 hoc
724 1057 866 1084 teneatur
887 1050 1010 1095 capitu-

265 1099 330 1134 lum
365 1098 540 1133 iuramento
564 1098 698 1134 firmare.
726 1098 873 1146 Alioquin
908 1110 1010 1146 neque

266 1159 322 1194 pro
348 1148 564 1195 potestatibus,
593 1160 696 1196 neque
718 1160 774 1195 pro
805 1148 1009 1188 consulibus,

263 1209 319 1233 seu
354 1197 573 1233 consimilibus
606 1197 800 1232 habeantur:
838 1209 1009 1244 eorumque

264 1247 436 1281 sententias
457 1259 496 1281 ex
517 1251 592 1281 tu'nc
613 1247 815 1282 decernimus
838 1246 966 1282 inutiles
980 1255 1010 1281 et

264 1296 383 1331 inanes.
412 1295 446 1331 Si
468 1308 540 1331 vero
563 1295 711 1331 dominus
738 1296 935 1343 temporalis,
958 1308 1009 1331 re-

264 1344 400 1393 quisitus
427 1353 458 1380 et
483 1346 624 1380 monitus
652 1345 692 1380 ab
713 1344 867 1384 Ecclesia,
895 1355 1007 1380 terram

263 1407 352 1430 suam
369 1406 503 1443 purgare
519 1395 691 1441 neglexerit
711 1394 750 1429 ab
768 1394 922 1429 haeretica
939 1407 1010 1441 pra·

265 1444 368 1484 vitate,
391 1454 460 1491 post
481 1456 600 1479 annum
627 1457 643 1479 a
667 1453 806 1490 tempore
828 1444 1010 1478 monitionis

263 1492 418 1541 elapsum,
443 1502 557 1528 terram
580 1494 679 1541 ipsius
697 1493 884 1540 exponimus
905 1493 1009 1527 callio-

264 1542 333 1579 licis
359 1543 588 1592 occupandam,
610 1543 662 1591 qui
684 1555 770 1584 eam,
797 1542 1010 1577 exterminatis

263 1592 442 1632 haereticis,
459 1592 576 1640 absque
598 1593 662 1628 ulla
679 1592 926 1628 contradictione
941 1604 1011 1639 pos-

264 1642 397 1684 sideant,
422 1650 453 1678 et
480 1642 512 1677 in
541 1642 612 1677 fidei
648 1643 779 1690 puritate
812 1650 1009 1683 conservent,

265 1692 349 1728 salvo
371 1692 437 1727 iure
457 1692 590 1727 dominii
617 1692 814 1739 temporalis:
837 1691 1010 1726 dummodo

265 1753 361 1789 super
391 1741 453 1776 hoc
479 1741 601 1776 nullum
636 1749 771 1789 praestet
801 1741 1010 1781 obstaculum,

267 1803 324 1826 nec
350 1790 478 1838 aliquod
501 1790 762 1838 impedimentum
785 1798 932 1837 opponat.
955 1789 1009 1825 Ea-

267 1839 340 1875 dem
363 1840 565 1876 nihilominus
587 1840 656 1886 lege
677 1848 807 1883 servata,
829 1849 935 1874 contra
957 1852 1011 1874 eos

267 1889 322 1937 qui
349 1901 411 1925 non
434 1889 550 1924 liabent
575 1889 722 1924 dominos
744 1889 941 1937 principales.

316 1939 383 1987 55.
405 1938 578 1975 Credentes
599 1947 768 1986 praeterea,
790 1946 1011 1986 receptatores,

86 1992 170 2014 P00⁰⁸2
191 1997 255 2013 *Μ-
269 1987 451 2024 defensores
476 1997 507 2023 et
528 1988 665 2024 fautores
686 1988 911 2024 haereticorum
935 1988 1013 2023 ban-

73 2027 185 2076 5ζῖἶὶἶὲ
199 2024 256 2074 ..l‘f
271 2037 386 2073 nimus.
408 2037 604 2078 statuentes,
627 2047 660 2073 ut
692 2039 718 2073 si
746 2046 911 2085 postquam
939 2039 1012 2086 qui—

270 2087 345 2122 libet
365 2087 471 2122 talium
499 2087 591 2123 fuerit
612 2088 938 2122 excommunicatione
960 2100 1013 2122 uo-

270 2144 368 2177 tatus,
395 2137 574 2172 satisfacere
600 2137 825 2184 contempserit
852 2135 930 2172 infra
956 2150 1013 2172 an-

271 2199 358 2228 num,
375 2199 413 2222 ex
435 2195 510 2222 tunc
534 2187 604 2234 ipso
625 2187 693 2221 iure
715 2187 755 2221 sit
773 2186 872 2221 factus
890 2187 1014 2221 infamis

270 2243 300 2271 et
321 2236 358 2271 ad
381 2236 506 2285 publica
527 2236 639 2276 officia,
661 2249 714 2271 seu
742 2236 883 2277 consilia,
908 2237 954 2271 vel
975 2236 1011 2271 ad

270 2285 393 2334 aliquos
418 2285 580 2333 eligendos
605 2284 798 2326 huiusmodi,
825 2297 881 2320 uec
907 2285 945 2320 ad
969 2294 1015 2319 te-

272 2335 452 2371 stimonium
479 2335 670 2370 admittatur.
698 2335 745 2370 Sit
766 2334 857 2370 etiam
885 2335 1014 2370 intesta-

273 2383 355 2430 bilis,
387 2393 422 2419 ut
448 2396 505 2419 nec
532 2385 707 2420 testamenti
741 2383 871 2419 liberam
904 2384 1015 2419 habeat

274 2433 452 2479 factionem,
475 2446 531 2469 nec
558 2434 595 2469 ad
619 2433 815 2468 haereditatis
841 2434 1016 2468 successio-

274 2495 344 2518 nem
371 2483 508 2519 accedat.
536 2483 647 2519 Nullus
675 2483 702 2517 ei
736 2492 895 2530 praeterea
921 2495 1017 2531 super

273 2544 473 2581 quocumque
499 2533 650 2580 negocio,
677 2533 729 2567 sed
758 2532 826 2579 ipse
852 2531 922 2567 aliis
951 2544 1017 2567 res-

276 2580 414 2628 pondere
431 2590 570 2630 cogatur.
593 2581 685 2625 Quod
709 2581 733 2616 si
753 2581 850 2617 iudex
870 2581 1017 2624 extiterit,

311 2643 349 2678 (¹)
370 2643 519 2679 tegendum
538 2647 702 2677 potestatem.

855 251 1066 275 lxsocsssnt's
1091 251 1123 274 ΙΥ
1151 250 1198 274 l'P.

1678 236 1746 271 507

1054 306 1123 341 eius
1155 307 1306 341 sententia
1342 305 1458 340 nullam
1492 304 1631 340 obtineat
1665 303 1797 337 firmita-

1055 365 1132 397 tem,
1155 367 1212 390 nec
1235 366 1346 389 causae
1369 355 1490 400 aliquae
1511 354 1550 388 ad
1572 354 1640 389 eius
1662 352 1796 388 audieu-

1055 406 1128 440 tiam
1165 404 1368 452 perferantur.
1407 403 1440 438 Si
1482 403 1572 438 suerit
1608 402 1796 446 advocatus,

1053 455 1121 490 eius
1154 454 1359 502 patrocinium
1400 452 1577 488 nullatenus
1603 451 1794 487 admittatur.

1053 504 1085 540 Si
1108 503 1245 543 tabellio.
1267 503 1334 538 eius
1356 503 1561 537 instrumenta
1580 501 1720 536 confecta
1742 513 1796 548 per

1054 565 1180 589 manum
1213 553 1313 600 ipsius
1339 551 1454 587 nullius
1483 552 1607 598 penitus
1638 551 1700 585 sint
1725 562 1795 585 mo-

1053 604 1160 638 menti.
1193 602 1368 637 Adiicimus
1396 602 1540 646 iusuper.
1573 599 1656 647 quod
1685 600 1796 634 haere-

1053 652 1132 687 ticus
1164 665 1219 699 per
1245 651 1434 686 haereticum
1462 650 1602 684 convinci
1632 650 1740 696 possit,
1767 657 1797 684 et

1052 702 1135 749 quod
1158 702 1272 736 domus
1299 700 1537 742 patarenorum,
1567 706 1795 746 receptatorum

1052 760 1081 786 et
1107 751 1307 786 defensorum
1335 758 1365 784 et
1388 749 1554 791 fautorum,
1582 749 1646 782 sive
1668 748 1721 782 ubi
1739 748 1796 783 (lo-

1051 801 1190 839 cuerint,
1217 801 1284 835 sive
1318 799 1369 834 ubi
1397 799 1465 833 aliis
1492 810 1604 833 manus
1637 800 1796 844 imposue-

1051 851 1129 889 rint,
1164 850 1375 888 destruantur,
1405 847 1490 883 nullo
1525 856 1665 894 tempore
1698 849 1796 882 resti-

1051 900 1195 935 tuendae.
1228 900 1299 934 Dat.
1329 898 1470 937 Paduae,
1498 899 1543 931 2:³-
1573 897 1718 932 februarii
1745 897 1796 932 de-

1050 950 1129 985 cima
1156 949 1294 985 secunda
1317 948 1426 982 indict.
1788 986 1793 995 ἡ

1099 999 1129 1046 g.
1160 1002 1192 1033 4.
1221 998 1287 1034 Rex
1309 1010 1419 1044 regum
1441 1004 1652 1044 apostatantes
1678 1008 1695 1030 a
1716 995 1796 1031 Fide

1050 1049 1201 1084 catholica
1225 1048 1348 1095 penitus
1372 1058 1570 1088 execramus,
1600 1045 1796 1092 insequimur

1051 1097 1235 1141 ultionibuS,
1255 1097 1346 1132 bonis
1362 1096 1427 1131 suis
1442 1094 1590 1130 omnibus
1611 1095 1792 1142 spoliamus:

1049 1156 1078 1181 et
1112 1155 1142 1180 ut
1169 1159 1185 1181 a
1214 1146 1425 1192 professione,
1448 1146 1493 1179 vel
1517 1145 1576 1178 vita
1604 1143 1794 1189 naufragan-

1050 1205 1107 1239 tes,
1130 1196 1251 1243 legibus
1271 1204 1475 1230 coarctamus:
1503 1194 1721 1228 successiones
1742 1193 1795 1228 tol-

1050 1246 1160 1288 limus,
1195 1245 1233 1279 ab
1260 1245 1306 1280 eis
1331 1256 1425 1280 omne
1451 1244 1501 1279 ius
1531 1243 1705 1289 legitimum
1738 1242 1796 1277 ab·

1050 1295 1201 1330 dicamus.

1097 1344 1212 1379 Datum
1243 1343 1377 1386 Perusii,
1399 1341 1539 1377 secundo
1561 1341 1710 1376 kalendas
1739 1353 1796 1376 uo—

1050 1394 1195 1433 vembris,
1225 1393 1425 1440 pontificatus
1453 1391 1549 1426 nostri
1577 1403 1660 1426 auno
1683 1391 1794 1438 primo.

1088 1456 1149 1485 Dat.
1178 1457 1223 1485 die
1243 1456 1274 1484 31
1301 1454 1429 1484 octobris
1448 1453 1533 1491 1243,
1552 1453 1653 1493 pontif.
1671 1462 1718 1483 an.
1738 1461 1756 1482 ι.

1398 1618 1451 1654 111.

1053 1702 1207 1737 Concessio
1250 1701 1509 1744 indulqentiarum
1553 1700 1797 1745 christifidelibus

1098 1751 1291 1785 visitantibus
1324 1751 1473 1783 Ecclesias
1508 1750 1644 1794 fratrum
1679 1749 1798 1782 ordinis

1101 1802 1309 1834 Eremitarum
1331 1799 1441 1834 Sancti
1457 1799 1627 1842 Auyustini'
1641 1799 1798 1833 nonnullis

1099 1852 1219 1884 statutis
1245 1850 1327 1894 sestis
1360 1849 1437 1883 oniti
1456 1850 1559 1883 diebus
1581 1852 1626 1892 (1)

1321 1926 1535 1958 SUMMARIL'M

1051 1994 1218 2026 Exordium.
1250 2010 1288 2018 —
1317 1992 1428 2024 Causae
1457 1993 1612 2032 privilegii.
1633 2009 1672 2019 -
1694 1992 1798 2024 Indul-

1091 2041 1255 2078 gentiarum
1272 2040 1425 2069 concessio
1441 2047 1508 2069 cum
1521 2039 1724 2078 designatione
1738 2040 1800 2070 uie-

1093 2094 1167 2115 rum.

1051 2160 1220 2189 Innocentius
1238 2158 1379 2195 opiscopus
1397 2165 1491 2188 servus
1513 2165 1655 2188 servorum
1673 2158 1728 2192 Bet,
1741 2157 1798 2188 uni·

1096 2210 1184 2239 versis
1198 2208 1420 2238 christifidelibus
1434 2209 1594 2244 praesentes
1618 2207 1736 2237 litteras
1758 2208 1798 2237 in·

1097 2258 1243 2294 spectaris.
1263 2252 1382 2286 salutem
1401 2257 1430 2286 et
1445 2255 1621 2293 apostolicam
1637 2257 1798 2287 benedictio·

1097 2314 1166 2336 uem.

1103 2378 1259 2421 Quoniam
1282 2381 1325 2421 (ut
1347 2378 1387 2411 ait
1407 2376 1588 2423 Apostolus)
1610 2389 1720 2412 omues
1741 2379 1800 2413 sta-

1056 2428 1159 2463 bimus
1193 2435 1265 2461 ante
1298 2425 1432 2460 tribunal
1467 2424 1605 2466 Christi,
1642 2436 1734 2474 prout
1768 2429 1799 2463 in

1055 2489 1184 2524 corpore
1217 2476 1390 2523 gessimus,
1428 2476 1492 2510 sive
1531 2475 1648 2510 honum
1683 2477 1799 2521 fuerit,

1056 2529 1120 2562 sive
1141 2526 1270 2567 malum,
1297 2532 1419 2573 oportet
1442 2536 1498 2559 nos
1521 2525 1604 2560 diem
1634 2526 1800 2563 messionis

1057 2585 1230 2612 extremum
1254 2574 1489 2610 misericordiae
1511 2574 1660 2622 operibus
1676 2589 1800 2623 praeve·

1092 2642 1131 2677 (t)
1151 2641 1238 2669 Edidit
1252 2640 1379 2676 Empolus
1394 2640 1420 2668 in
1436 2639 1533 2669 Bullar.
1554 2641 1632 2669 huius
1647 2641 1753 2670 Ordinis

1810 248 1849 273 An
1882 246 1909 272 C.
1926 245 1992 273 {27⁸3

1817 1003 1902 1024 Poenae
1910 1009 1992 1031 quoque

1810 1036 1904 1060 apostata
1918 1040 1958 1054 um.

1844 2387 1961 2410 Exordium.
