2129 3223
149 295 196 321 Au.
215 294 242 321 C.
266 294 332 321 ¹209

154 1496 192 1520 Qui
207 1498 273 1513 sacris
285 1495 326 1512 sta-

142 1529 176 1545 ttzn
193 1524 272 1544 initiari
287 1524 326 1543 de-

144 1556 201 1575 brut.

161 2039 188 2059 De
198 2038 286 2060 servitio
296 2042 332 2058 eo-

146 2070 247 2090 rumdcm.

180 2483 208 2503 Dc
221 2484 309 2507 decano,

153 2516 240 2541 eiusque
262 2512 337 2533 inst-t-

154 2546 239 2565 latione.

395 284 465 317 226
942 291 1129 315 anemium
1155 291 1318 314 nonaum:

344 348 500 385 Busseriis
529 347 595 391 tibi,
633 356 664 382 et
689 346 852 382 Ecclesiae
880 355 948 382 tuae
981 354 1091 382 aucto-

344 399 434 434 ritate
463 397 632 445 apostolica
662 397 897 433 confirmamus.
927 396 974 431 Ad
1003 397 1090 440 baec,

161 452 415 486 ¹¹⁹.‘¹¹¹¹¹¹2¹⁰⁰,⁸‘cum
440 447 630 493 prudentum
658 456 688 482 et
710 446 926 494 religiosorum
950 447 1089 481 virorum

147 488 270 502 tiottteurttm
308 488 329 502 tu

149 513 245 533 iat-ensi
257 513 330 533 secie·
342 498 475 533 consilio
495 497 596 532 honae
617 497 789 533 memoriae
803 496 979 531 Matthaeus
1002 508 1091 543 prae-

342 548 490 582 decessor
523 555 597 582 tuus
629 548 775 582 statuisse
810 546 957 591 dicatur,
992 554 1024 580 ut
1060 546 1089 580 in

341 597 491 632 Treceusi
509 596 650 632 Ecclesia
672 605 793 644 septem
809 596 1033 631 canonicorum
1053 595 1089 630 ad

340 648 447 681 minus
481 647 675 694 presbyteri,
710 655 740 682 et
779 654 900 693 septem
942 645 1092 680 diacones

340 705 463 743 praeter
481 697 733 736 archidiaconos,
749 697 810 731 sint
826 694 956 735 assidui,
975 694 1092 742 quibus

338 746 567 782 decedentibus
587 746 664 781 nulli
688 746 824 781 debeant
845 745 1010 791 subrogari
1029 745 1089 779 nisi

339 797 511 845 presbyteri
540 797 585 831 vel
610 797 758 831 diacones
785 803 838 830 aut
867 794 959 829 etiam
982 794 1034 828 alii
1059 795 1089 829 in

339 847 452 881 talibus
472 846 640 881 ordinibus
662 845 835 884 constituti,
857 844 940 891 quod
966 843 1090 891 propin-

338 896 502 943 quioribus
519 904 656 944 quatuor
670 894 865 942 temporibus
880 906 960 941 quae
978 906 1091 929 occur-

339 955 411 980 runt
431 945 470 980 ad
491 946 559 981 illos
575 946 702 980 ordines
723 952 933 988 assumamur,
956 943 1091 990 promis-

338 996 427 1030 sione
448 1008 482 1030 ac
501 995 694 1042 professione
718 993 922 1028 nibilominus
942 994 1089 1040 praestita

337 1045 377 1080 de
404 1046 586 1080 assiduitate
622 1046 652 1079 in
686 1044 842 1091 praedicta
870 1043 1010 1078 Ecclesia
1044 1043 1090 1077 fa—

338 1095 460 1134 cienda,
484 1095 564 1130 idem
586 1094 766 1129 Alexander
785 1092 1010 1140 praedecessor
1031 1105 1090 1126 no-

337 1153 401 1179 ster
413 1145 554 1179 eiusdem
569 1144 710 1192 episcopi
727 1142 930 1190 petitionibus
944 1142 1089 1188 benigne⁷

339 1203 431 1241 prout
462 1195 584 1238 decuit,
611 1193 798 1237 annuendo,
833 1192 1087 1227 constitutionem

338 1245 437 1291 ipsam
461 1253 556 1279 ratam
589 1244 707 1278 liabens
729 1251 760 1277 et
788 1243 927 1285 firmam,
956 1241 1087 1276 eandem

339 1295 498 1341 perpetuis
518 1293 713 1341 temporibus
729 1292 879 1327 illibatam
896 1303 1024 1326 manere
1038 1291 1090 1326 de-

339 1345 448 1388 crevit,
475 1343 627 1379 adiiciens
654 1342 738 1390 quod
772 1342 796 1376 si
825 1342 870 1376 eis
902 1341 1087 1376 inferiorum

340 1393 485 1428 ordinum
505 1393 611 1428 clerici
630 1392 745 1427 fuerint
771 1391 934 1425 substituti
958 1398 989 1424 et
1009 1402 1089 1424 com-

342 1443 450 1478 moniti
475 1442 584 1489 primis
610 1449 746 1489 quatuor
779 1439 991 1487 temporibus,
1019 1439 1089 1474 illos

341 1493 467 1527 ordines
491 1503 553 1526 non
574 1494 763 1539 reciperent,
786 1489 892 1524 liceret
913 1488 997 1523 dicto
1019 1489 1090 1536 epi-

341 1554 437 1590 scopo
473 1551 501 1576 et
523 1540 760 1578 successoribus
781 1539 846 1573 suis
867 1538 927 1572 illis
946 1538 1013 1573 loca
1034 1549 1089 1573 sua

341 1600 372 1626 et
397 1593 519 1627 fructus
546 1591 737 1627 interdicere
764 1587 1033 1636 praebendarum,
1059 1595 1090 1621 et

341 1642 367 1676 si
403 1654 461 1677 nec
500 1642 545 1676 sic
584 1641 614 1675 in
651 1637 920 1686 subsequentibus
954 1645 1090 1684 quatuor

342 1691 538 1740 temporibus
576 1691 647 1725 illos
685 1690 822 1736 recipere
862 1695 1089 1734 procurarent,

342 1742 387 1777 eis
415 1753 544 1789 prorsus
582 1739 718 1783 amotis,
740 1738 817 1773 alios
844 1737 1035 1783 subrogandi
1057 1737 1092 1771 li-

342 1793 448 1828 beram
477 1791 606 1826 haberet
635 1788 818 1824 auctoritate
838 1787 1010 1834 apostolica
1041 1786 1092 1820 l'a-

343 1843 502 1878 cultatem.
539 1840 702 1875 Praeterea
737 1837 775 1871 de
815 1837 913 1884 ipsius
952 1836 1091 1883 episcopi

344 1890 533 1928 conscientia
578 1898 609 1925 et
643 1887 804 1922 voluntate
843 1887 924 1921 idem
961 1886 1092 1932 praede-

345 1953 451 1977 cessor
476 1948 583 1974 noster
604 1938 752 1977 instituit,
777 1944 808 1970 ut
830 1937 854 1970 si
877 1936 929 1983 qui
949 1935 1092 1970 canonici

345 1990 512 2026 Trecensis
538 1988 698 2024 Ecclesiae
726 1987 754 2020 in
783 1986 924 2020 eiusdem
952 1986 1092 2032 episcopi

347 2040 393 2076 vel
431 2050 650 2074 successorum
684 2048 811 2071 suorum
845 2045 898 2070 aut
931 2036 1023 2069 etiam
1062 2036 1092 2069 in

346 2090 488 2125 eiusdem
511 2088 673 2124 Ecclesiae
701 2085 825 2121 servitio
852 2085 954 2119 forsan
981 2084 1095 2118 existe-

347 2148 428 2178 rent,
451 2139 497 2173 vel
519 2151 591 2173 cum
614 2137 737 2172 licentia
762 2136 822 2169 iam
845 2134 920 2169 dicti
955 2134 1092 2180 episcopi

346 2198 377 2225 et
403 2188 529 2236 capituli
563 2194 704 2222 vacarent
735 2184 928 2219 scholasticis
951 2183 1094 2230 discipli-

347 2239 408 2284 nis,
436 2247 487 2273 aut
514 2245 619 2273 essent
653 2235 831 2270 infirmitate
858 2234 993 2274 detenti,
1019 2245 1094 2267 sua-

347 2301 417 2324 rum
441 2288 647 2322 nibilominus
669 2286 807 2331 integros
829 2284 947 2318 fructus
975 2283 1094 2329 recipe—

347 2347 416 2373 rent
451 2336 724 2384 praebendaruni;
750 2334 800 2369 alii
834 2345 906 2368 vero
933 2331 1094 2370 canonici,

349 2389 402 2436 qui
429 2387 591 2422 Ecclesiae
625 2385 749 2420 assidue
777 2396 838 2418 non
862 2382 1027 2421 servirent,
1051 2381 1096 2415 vi-

350 2437 425 2484 ginti
450 2435 666 2472 tantummodo
690 2433 806 2469 solidos
832 2433 1029 2480 perciperent
1047 2443 1095 2464 an-

351 2487 480 2522 nuatim.
517 2485 648 2532 Insuper
675 2484 756 2518 idem
793 2482 970 2517 Alexander
1003 2492 1096 2527 prae-

352 2537 498 2572 decessor
519 2545 625 2570 noster
647 2534 771 2573 adimit,
790 2541 824 2566 ut
843 2541 904 2566 tarn
927 2543 942 2565 a
959 2529 1096 2578 praefato

353 2587 502 2633 episcopo
535 2596 628 2632 quam
664 2595 679 2618 a
714 2581 948 2617 successoribus
974 2581 1039 2615 suis
1065 2579 1096 2613 in

1896 292 1946 320 An.
1963 292 1992 320 C.
2011 293 2080 321 ¹2⁰9

1109 354 1111 395 J
1132 354 1193 385 tur,
1215 353 1269 380 aut
1291 345 1382 380 etiam
1406 344 1571 386 diaconus,
1594 345 1647 393 qui
1671 345 1781 393 primis
1802 358 1883 394 qua-—

1110 402 1111 427 t
1132 404 1203 430 tuor
1225 395 1422 443 temporibus
1438 408 1517 443 quae
1539 395 1735 431 occurrerint
1753 395 1784 430 in
1801 408 1880 443 pres-

1131 445 1274 493 bytcrum
1310 444 1496 485 ordinetur,
1534 452 1565 480 et
1604 445 1628 479 si
1669 446 1881 480 commonitus

1132 495 1161 529 in
1195 494 1314 530 eisdem
1343 503 1478 542 quatuor
1512 494 1708 542 temporibus
1735 494 1879 530 ordinem

1133 543 1302 592 presbyteri
1331 544 1492 591 suscipere
1515 544 1593 579 forte
1624 545 1812 591 neglexerit,
1833 544 1880 580 sas

1132 593 1268 641 praefato
1306 594 1457 641 episcopo
1484 602 1515 628 et
1547 594 1613 629 suis
1641 595 1880 630 successoribus

1130 651 1213 679 esset
1228 643 1272 679 illi
1291 644 1507 679 auctoritatem
1525 651 1556 678 et
1574 651 1760 690 potestatem
1778 645 1879 692 ipsius

1130 693 1242 731 officii.
1275 702 1306 728 et
1334 693 1440 728 sedem
1475 694 1507 727 in
1546 693 1642 728 choro
1681 702 1711 728 et
1743 693 1879 740 capitulo

1130 743 1333 783 interdicere,
1355 755 1390 778 ac
1418 743 1443 776 si
1471 755 1529 777 nec
1553 744 1599 778 sic
1627 743 1656 777 in
1679 743 1880 791 subsequen-

1131 793 1212 827 tibus
1235 801 1371 840 quatuor
1398 792 1595 840 temporibus
1625 792 1766 828 ordinem
1792 805 1880 840 pres-

1131 842 1289 890 byteratus
1300 842 1486 889 susciperet,
1501 855 1537 877 eo
1552 850 1667 882 amoto,
1678 842 1774 878 libere
1782 842 1879 877 alium

1130 893 1324 938 subrogaret.
1359 891 1424 927 Nos
1459 892 1553 938 igitur
1579 892 1721 928 eiusdem
1749 892 1881 940 praede-

1129 943 1265 977 cessoris
1287 942 1384 977 nostri
1408 942 1551 988 vestigiis
1572 942 1782 982 inhaerentes,
1800 954 1880 989 quae

1129 991 1168 1025 ab
1187 992 1259 1039 ipso
1281 1003 1377 1038 super
1399 992 1580 1038 praemissis
1602 991 1744 1027 articulis
1761 1004 1880 1039 appro-

1129 1041 1200 1076 bata
1222 1041 1268 1076 vel
1291 1049 1403 1076 statuta
1430 1050 1504 1076 sunt
1525 1041 1745 1089 approbando,
1767 1041 1877 1076 eadem

1129 1092 1315 1125 auctoritate
1355 1091 1525 1137 apostolica
1558 1091 1794 1127 confirmamus.
1827 1091 1876 1126 Ad

1130 1140 1216 1184 llaec,
1243 1140 1280 1175 ad
1305 1140 1401 1175 instar
1422 1141 1563 1176 eiusdem
1586 1140 1757 1176 Alexandri
1783 1152 1877 1188 prae·
1905 1154 2017 1176 rumen-s
2049 1156 2074 1176 aa
2099 1152 2114 1181 -5

1129 1190 1303 1225 decessoris
1326 1190 1435 1231 nostri,
1463 1191 1637 1235 sancimus,
1665 1199 1697 1225 ut
1723 1202 1782 1225 nec
1807 1190 1862 1226 tibi

1128 1252 1231 1287 neque
1255 1240 1317 1274 tuis
1343 1240 1582 1275 successoribus
1608 1241 1699 1276 liceat
1721 1240 1874 1287 praescri·
1889 1249 1922 1266 *οε
1937 1245 1961 1266 ⁸1¹
1977 1251 2003 1266 θ·
2019 1245 2075 1266 ³¹⁵²-
2105 1242 2112 1254 ”·

1889 1278 1935 1298 nari
1953 1282 1995 1298 non
2008 1281 2074 1303 pono
2104 1280 2112 1300 ·,

1130 1298 1197 1336 ptas
1231 1289 1443 1337 parrochiales
1481 1290 1629 1325 ecclesias
1662 1289 1699 1324 ad
1735 1302 1875 1325 mensam
1890 1307 1990 1329 ‹ieet-122.

1128 1339 1268 1387 episcopi
1295 1339 1474 1386 specialiter
1499 1340 1692 1386 pertinentes
1724 1352 1741 1375 a
1768 1352 1876 1374 mensa

1130 1397 1229 1423 vestra
1251 1388 1320 1423 sine
1346 1389 1527 1424 auctoritate
1553 1388 1688 1424 Romani
1716 1389 1878 1424 pontificis

1129 1437 1330 1484 aliquatenus
1354 1438 1502 1473 alienare.

1178 1486 1387 1522 Decernimus
1408 1500 1482 1534 ergo
1504 1496 1539 1522 ut
1561 1488 1638 1523 nulli
1661 1488 1792 1523 omnino
1820 1487 1878 1523 ho·
1925 1498 2042 1519 ctausutae-

1129 1537 1251 1571 minum
1274 1536 1366 1572 liceat
1385 1537 1552 1585 praefatam
1568 1537 1744 1573 Ecclesiam
1760 1546 1879 1573 temere

1130 1586 1324 1633 perturbare,
1344 1595 1397 1622 aut
1417 1587 1486 1622 eius
1507 1588 1725 1635 possessiones
1743 1587 1879 1633 auferre,

1131 1635 1175 1669 vel
1192 1635 1310 1671 ablatas
1331 1636 1477 1676 retinere,
1494 1637 1648 1679 minuere,
1669 1649 1725 1672 seu
1744 1636 1879 1685 quibus-

1130 1684 1205 1719 libet
1240 1685 1459 1720 vexationibus
1492 1685 1641 1733 fatigare,
1678 1687 1732 1722 sed
1773 1687 1877 1722 omnia

1130 1742 1249 1781 integra
1272 1744 1499 1770 conserventur
1520 1748 1642 1781 eorum,
1666 1748 1723 1784 pro
1743 1748 1878 1784 quorum

1130 1784 1358 1829 gubernatione
1394 1797 1429 1820 ac
1468 1787 1697 1822 sustentatione
1730 1798 1878 1821 concessa

1131 1843 1205 1868 sunt
1232 1834 1343 1869 usibus
1366 1835 1559 1870 omnimodis
1582 1835 1754 1882 profutura.
1787 1835 1879 1871 Salva

1132 1882 1225 1918 Sedis
1248 1884 1447 1931 Apostolicae
1469 1885 1664 1921 auctoritate.
1691 1885 1803 1933 Siqua
1824 1885 1880 1931 igi-

1133 1941 1182 1967 tur
1203 1934 1234 1967 in
1262 1933 1401 1969 futurum
1424 1934 1646 1981 ecclesiastica,
1673 1935 1879 1970 saecularisve

1133 1995 1266 2037 persona
1295 1984 1379 2039 *lianc
1405 1993 1529 2019 nostrae
1563 1984 1796 2020 constitutionis
1824 1996 1880 2032 pa-

1132 2044 1236 2078 ginam
1258 2045 1379 2075 scienS,
1407 2043 1513 2069 contra
1541 2046 1609 2069 eam
1635 2042 1753 2070 temere
1774 2045 1880 2069 venire

1135 2082 1307 2123 tentaverit,
1325 2084 1385 2118 nisi
1409 2085 1698 2132 praesumptionem
1721 2095 1808 2119 suam
1828 2083 1880 2118 di—

1133 2143 1192 2177 gna
1226 2132 1438 2168 satisfactione
1470 2135 1659 2172 correxerit,
1695 2134 1877 2181 potestatis,

1134 2186 1325 2234 honorisque
1347 2188 1394 2222 sui
1417 2187 1567 2235 dignitate
1589 2196 1706 2227 careat,
1731 2199 1880 2235 reamque

1134 2252 1167 2275 se
1194 2240 1301 2276 divino
1335 2242 1449 2277 iudicio
1482 2243 1614 2278 existere
1639 2243 1678 2277 de
1705 2249 1880 2289 perpetrata

1136 2295 1297 2342 iniquitate
1331 2305 1522 2343 cognoscat,
1555 2305 1586 2332 et
1619 2308 1635 2330 a
1670 2295 1880 2330 sacratissimo

1134 2348 1275 2396 Corpore
1309 2363 1345 2385 ac
1381 2350 1544 2396 Sanguine
1583 2349 1640 2385 Dei
1686 2357 1717 2384 et
1752 2349 1879 2384 Domini

1134 2401 1358 2451 Redemptoris
1392 2405 1489 2439 nostri
1524 2404 1593 2439 Iesu
1627 2402 1746 2438 Christi
1781 2402 1880 2438 aliena

1137 2457 1199 2502 liat,
1220 2467 1314 2505 atque
1341 2459 1371 2492 in
1394 2467 1534 2493 extremo
1555 2457 1697 2493 examine
1723 2456 1882 2492 districtae

1137 2512 1244 2546 ultioni
1278 2513 1449 2548 subiaceat.
1482 2511 1615 2547 Cunctis
1646 2519 1751 2546 autem
1778 2509 1880 2547 eidem

1137 2566 1205 2601 loco
1226 2579 1280 2601 sua
1304 2568 1368 2601 iura
1391 2565 1588 2601 servantibus
1608 2565 1650 2600 sit
1673 2577 1731 2612 pax
1752 2563 1881 2599 Domini

353 2636 510 2682 praedicta
538 2634 695 2676 Ecclesia,
717 2644 787 2667 cum
815 2630 934 2665 decano
961 2635 1096 2673 careret,
1137 2622 1234 2655 ΰθὲῐΐί
1258 2621 1326 2656 18⁵1!
1349 2619 1478 2664 ClfflSlla
1499 2627 1656 2667 quatenus
1682 2626 1712 2654 θῐ
1734 2618 1786 2653 Ῑῑὶθ
1814 2617 1882 2653 sm·

353 2684 385 2718 in
420 2683 571 2720 decanum
598 2681 761 2730 presbyter
787 2681 958 2716 canonicus
981 2686 1097 2714 statua-

1115 2667 1218 2719 lctum
1243 2680 1343 2710 bonae
1364 2674 1495 2711 actionis
1517 2673 1708 2721 percipiant,
1734 2680 1764 2708 et
1797 2672 1881 2720 apud

1890 1190 1984 1206 mensam
1992 1187 2077 1213 epist-n·
2099 1190 2114 1212 ς

1866 1218 1875 1235 ἰ
1889 1215 1957 1243 palem
1967 1217 2076 1243 pertineu-
2111 1226 2113 1234 v
