2129 3223
54 291 105 319 An.
121 291 151 318 C,
167 291 234 318 ¹258

251 357 323 382 vero
345 358 427 388 eam,
454 346 484 381 in
507 357 569 393 quo
591 345 742 381 haeredes
756 346 937 381 huiusmodi
960 346 998 381 ad
1018 349 1021 358 ¹

249 396 481 431 successionem
519 407 581 429 non
619 395 769 430 deberent
803 396 842 430 ob
873 396 997 443 culpam

249 445 296 479 sui
319 445 456 480 auctoris
479 444 615 487 admitti,
641 456 704 479 non
740 445 883 480 obstante
913 445 996 492 quod

247 493 428 529 auctoribus
457 493 535 539 ipsis
573 493 750 529 viventibus
777 494 837 528 lioc
859 507 919 529 non
949 494 998 528 su-

246 544 317 584 erit,
339 542 552 578 intercedente
567 543 707 590 ipsorum
731 551 841 587 morte,
856 556 909 590 per
931 556 999 578 sen-

246 592 373 627 tentiam
392 591 595 633 declaratum,
611 592 648 626 ad
664 592 918 627 confiscationem
942 593 998 627 bo-

245 653 359 676 norum
387 649 457 688 post
479 649 610 676 mortem
643 641 846 676 nibilominus
879 653 998 689 proce-

245 690 346 726 datur.

294 739 373 786 §8-
414 739 582 774 Adiecistis
617 748 799 786 praeterea,
833 741 994 785 negotium

49 787 233 840 “flssnffinssr‘s'gqssgj
246 801 301 823 seu
329 787 464 823 officium
492 788 705 835 inquisitionis
740 796 847 823 contra
885 789 995 823 haere-

49 855 86 877 pu
100 825 162 885 niu-31
177 855 232 884 quq-
248 838 326 872 ticos
365 836 479 872 dilecto
518 838 580 871 lilio
612 838 705 884 priori
731 837 858 872 fratrum
895 831 996 872 Prae-

48 880 121 936 {2ssss
150 879 232 900 ''²¹⁰⁸''
246 886 421 922 dicatorum
443 885 597 921 Parisien.
638 898 655 920 a
694 886 777 921 Sede
812 885 994 932 Apostolica

247 935 343 970 fnisse
382 934 443 970 sub
477 947 512 970 ea
547 934 648 970 forma
687 935 916 976 commissum,
963 944 995 970 ut

246 983 329 1019 idem
357 996 455 1031 super
489 984 548 1019 hoc
586 992 692 1031 posset
726 983 896 1031 inquirere,
932 992 993 1019 tam

246 1044 301 1078 per
322 1045 367 1077 se,
394 1044 488 1080 quam
529 1044 583 1079 per
626 1033 715 1078 alios,
748 1045 829 1079 quos
863 1032 899 1067 ad
934 1033 993 1068 hoc

244 1081 377 1117 idoneos
399 1090 567 1129 reputaret:
592 1081 622 1116 in
646 1094 708 1128 quo
743 1082 915 1128 quaeritur,
958 1095 994 1116 u-

244 1139 329 1166 trum
354 1130 431 1165 tales
457 1130 592 1177 delegati
616 1132 762 1171 existant,
778 1139 808 1165 ct
829 1131 901 1177 quid
926 1143 995 1177 pos-

244 1188 307 1214 stnt
328 1180 420 1214 etiam
443 1180 489 1214 sic
510 1180 610 1214 electi.
652 1180 757 1226 Super
793 1192 856 1226 qno
895 1181 993 1214 taliter

244 1228 397 1264 duximus
418 1228 640 1268 ordinandum,
668 1229 751 1276 quod
787 1228 868 1264 idem
911 1230 994 1275 prior

245 1278 343 1324 possit
371 1286 432 1313 tres
458 1278 504 1312 vel
531 1286 665 1324 quatuor
689 1278 817 1313 idoneos
857 1277 894 1312 ad
934 1278 993 1312 boc

243 1338 324 1373 opus
345 1339 517 1371 assumere,
539 1328 593 1374 qui
614 1339 720 1374 parem
741 1338 812 1362 cum
836 1327 904 1373 ipso
936 1327 993 1361 ha-

245 1375 339 1410 beant
362 1383 558 1423 potestatem,
593 1385 623 1410 et
657 1387 800 1410 amovere
837 1376 929 1419 illos,
957 1387 993 1410 ac

245 1424 386 1470 ipsorum
409 1424 478 1459 loco
504 1425 582 1460 alios
619 1424 823 1464 substituere,
857 1425 994 1471 quoties-

243 1485 381 1520 cumque
420 1473 530 1508 viderit
575 1474 733 1520 expedire.
778 1473 840 1520 Ipsi
890 1482 991 1508 tamen

244 1523 340 1569 priori
360 1531 390 1557 et
415 1523 484 1557 aliis
509 1523 554 1556 sic
577 1523 748 1570 assumptis
773 1522 990 1557 committendi

244 1571 404 1607 dumtaxat
439 1572 603 1606 citationes
624 1579 654 1606 et
671 1571 917 1606 examinationes
945 1579 993 1606 te-

244 1620 352 1661 stium,
365 1633 436 1656 cum
459 1621 497 1655 de
518 1620 698 1656 huiusmodi
713 1621 844 1655 crimine
868 1633 903 1656 ac
929 1621 993 1655 cir-

244 1670 515 1705 cumstantiiseius
526 1670 706 1717 inquiritur,
719 1681 755 1705 ac
770 1670 993 1705 denunciatio-

245 1731 302 1753 nes
321 1719 562 1760 sententiarum,
588 1731 667 1766 quas
697 1731 793 1766 super
822 1719 860 1753 iis
885 1726 991 1754 contra

244 1767 403 1815 quoslibet
423 1768 591 1815 contigerit
606 1768 688 1811 ferri,
706 1776 736 1802 et
751 1768 789 1802 iis
807 1767 922 1802 similia
946 1767 989 1801 fa-

245 1817 364 1861 ciendi,
378 1816 565 1852 conceditur
575 1817 614 1852 ab
634 1817 744 1852 eadem
761 1817 843 1852 Sede
851 1816 991 1851 facultas.

62 1917 156 1939 ⁰¹²*ssss
182 1922 234 1944 ¹³⁶¹·
249 1923 355 1950 utrum
378 1915 568 1950 constitutus
590 1914 620 1948 in
649 1914 756 1955 sacris,
778 1914 994 1961 deprehensus

50 1952 114 1976 petuo
123 1949 234 1969 lmmuran-
248 1963 256 1970 .

51 1978 232 2005 siu-«emautur.
247 1976 280 1999 13
307 1964 442 2008 haeresi,
457 1973 487 1998 et
506 1971 632 2011 propter
644 1963 704 1998 hoc
714 1963 933 1998 immutandus
949 1966 993 2007 (1)

248 2020 414 2060 perpetuo,
442 2013 530 2060 prius
552 2013 592 2047 sit
617 2012 656 2046 ab
684 2011 849 2047 ordinibus
885 2024 901 2047 a
937 2010 1016 2046 530’

248 2074 398 2109 episcopo
419 2061 652 2108 degradandus,
673 2070 840 2108 antequam
856 2061 996 2096 tradatur

248 2111 432 2146 huiusmodi
485 2110 705 2158 poenitentiae.
740 2109 1017 2157 Respondemus„

249 2160 335 2208 quod
357 2159 438 2201 talis,
456 2160 510 2208 qui
532 2167 579 2194 est
601 2167 752 2206 perpetuo
768 2159 995 2199 immurandus,

251 2209 339 2256 prius
366 2209 458 2244 debet
485 2221 499 2243 a
527 2209 593 2242 suis
620 2208 784 2242 ordinibus
820 2208 994 2255 degradari.

299 2258 321 2306 S
344 2259 400 2292 10.
426 2257 576 2293 Nonnulli
591 2269 717 2304 quoque
738 2257 996 2303 clerici,etqnod

68 2309 201 2346 ¹⁰¹¹¹⁰⁰¹²P0⁸
210 2311 239 2345 cj-
252 2315 300 2342 est
320 2307 471 2352 deterius,
494 2306 682 2346 sacerdotes,
707 2314 868 2353 praetextu
895 2318 998 2353 pecu-

56 2341 156 2394 2232„ss
165 2346 240 2393 .311Ἲῖ
254 2357 335 2397 niae,
357 2355 404 2392 vel
422 2356 556 2391 alicuius
577 2355 693 2390 servitii
722 2355 901 2402 temporalis
914 2383 922 2396 ,
956 2355 998 2389 in-

57 2401 138 2424 tundam
158 2403 241 2423 verita-

57 2435 99 2454 tem
117 2433 225 2460 puniendi.

254 2455 321 2490 dire
347 2455 509 2501 negotium
525 2482 533 2494 ,
557 2453 738 2488 instruendo
776 2454 887 2488 citatos
931 2453 1000 2488 bae-

254 2504 427 2539 reticorum
450 2503 615 2538 credentes
636 2502 675 2537 de
705 2501 834 2537 celanda
860 2502 1000 2544 veritate,

254 2552 387 2588 falsitate
413 2552 560 2593 dicenda,
583 2552 628 2586 vel
659 2562 715 2586 eos
748 2551 887 2586 indebite
923 2551 1002 2586 libe-

255 2601 364 2637 rando.
388 2601 437 2637 De
463 2601 577 2648 quibus
612 2600 770 2647 quaeritur
806 2607 913 2635 utrum
953 2601 1002 2635 in-

291 2658 332 2693 (Ι)
347 2659 510 2691 Immttrare,
530 2665 636 2684 carcere
651 2656 784 2684 includere
800 2657 957 2692 (Ducanqe).

375 2702 451 2733 Ball.
470 2702 548 2732 Rom.
572 2701 627 2731 Vol.
649 2701 700 2731 III.
847 2703 885 2732 84

850 293 1047 315 ALEXANnEn
1071 293 1099 314 lv

1123 293 1171 314 ΙΨ.

1667 286 1738 319 665

1040 347 1209 393 quisitores
1231 348 1351 394 possint
1373 349 1449 383 tales
1482 361 1594 396 capere
1623 362 1660 385 ac
1692 351 1786 386 etiam

1041 396 1183 431 retinere:
1204 404 1257 431 aut
1286 397 1371 443 quod
1393 399 1439 432 sic
1457 407 1583 446 accepta
1609 400 1787 442 restituant,

1803 297 1852 323 An.
1868 296 1895 323 C.
1915 298 1983 325 1258

1018 454 1206 491 {coarctare
1238 445 1374 480 Dubium
1404 447 1508 494 itaque
1544 460 1605 483 non
1641 448 1787 495 videtur,

1039 494 1123 540 quod
1144 495 1176 538 ii,
1195 508 1275 541 quos
1297 505 1417 530 constat
1438 509 1583 532 exercere
1603 499 1786 544 praemissa,

1039 555 1074 578 ea
1098 543 1215 578 faciunt
1243 544 1271 578 in
1296 544 1429 579 favorem
1466 546 1640 582 baereticae
1681 550 1785 594 pravi-

1040 593 1121 627 tatis.
1143 592 1247 634 Quare
1277 604 1408 640 possunt
1426 608 1441 629 a
1462 595 1576 630 talibus
1600 608 1654 642 per
1681 598 1786 644 inqui·

1038 641 1150 676 sitores
1175 643 1345 689 compesci,
1364 653 1393 678 et
1424 656 1522 690 poena
1556 644 1659 679 debita
1698 647 1786 682 casti-

1037 690 1116 737 gari,
1139 699 1200 726 tam
1239 704 1294 739 per
1335 692 1513 739 captionem
1556 706 1785 740 personarum,

1037 751 1131 786 quam
1155 740 1248 775 etiam
1275 740 1364 782 alias,
1391 749 1482 788 prout
1520 743 1610 789 eulpa
1646 745 1784 791 exegerit

1037 788 1260 835 delinquentis.

1085 838 1105 885 g
1134 841 1190 872 Η.
1213 838 1305 880 Quod
1328 847 1430 873 autem
1460 839 1659 886 postmodum
1688 853 1786 888 quae-
1811 856 1911 883 aarum
1933 866 1981 884 sra-

1037 886 1172 928 rebatur,
1195 886 1354 934 quomodo
1386 897 1493 923 essent
1527 888 1679 935 puniendi
1714 891 1785 925 reli·
1798 889 1844 939 {2⁰¹⁵
1864 890 1981 940 {ffigssfflss‘

1035 936 1128 982 giosi,
1158 937 1210 982 qui
1240 936 1441 971 inveniuntur
1464 936 1494 971 in
1522 937 1678 972 baeresim
1712 939 1786 974 deli·
1852 925 1863 946 Ρ
1956 936 1959 939 ’

1035 985 1158 1032 quisse;
1185 997 1256 1020 cum
1280 986 1458 1021 saeculares
1486 996 1652 1033 peccantes
1684 988 1713 1022 in
1740 990 1785 1023 si-

1036 1034 1099 1068 mili
1123 1046 1195 1069 casu
1227 1035 1470 1076 immutationis,
1509 1035 1554 1070 vel
1595 1036 1655 1071 alia
1687 1049 1784 1084 poena

1038 1082 1222 1129 plectantur.
1246 1083 1325 1118 Eius
1342 1084 1456 1119 solutio
1478 1085 1552 1119 satis
1580 1093 1674 1132 patet,
1712 1098 1784 1120 cum

1036 1139 1156 1166 certum
1181 1132 1232 1171 sit,
1257 1132 1335 1167 tales
1361 1133 1391 1167 in
1420 1133 1491 1177 boc,
1512 1141 1543 1168 et
1565 1133 1594 1168 in
1631 1136 1785 1170 consimi—

1035 1180 1118 1214 libus
1144 1181 1373 1227 delinquentes,
1396 1182 1521 1226 gravius
1542 1182 1634 1217 etiam
1666 1195 1784 1219 saecu-

1035 1229 1153 1264 laribus
1195 1230 1383 1276 puniendos.

1084 1278 1104 1325 g
1128 1281 1182 1312 12.
1211 1278 1405 1326 Frequenter
1420 1280 1512 1314 etiam
1537 1280 1622 1315 vohis
1639 1281 1678 1316 ab
1700 1282 1783 1328 Apo·
1810 1294 1982 1316 neumaiam<

1034 1328 1142 1362 stolica
1169 1326 1253 1362 Sede
1278 1328 1494 1368 committitur,
1522 1338 1554 1363 ut
1577 1338 1636 1364 tam
1669 1330 1781 1365 haere·
1797 1331 1915 1353 ⁰³⁹⁰³¹²³³
1933 1326 1980 1348 ‘⁵¹¹¹’

1036 1376 1125 1417 ¹300&
1147 1376 1323 1418 eredentes,
1346 1386 1567 1422 receptatores,
1590 1378 1727 1414 fautores
1753 1388 1781 1414 et
1796 1359 1868 1408 {22¹3
1886 1359 1980 1423 rig-[ezg—

1034 1425 1215 1460 defensores
1242 1438 1362 1465 eorum,
1396 1438 1489 1473 quam
1523 1426 1661 1473 ipsorum
1702 1428 1782 1463 filios
1797 1419 1889 1469 {ffi‘wm
1925 1417 1980 1438 ΜΨ

1035 1483 1065 1508 et
1088 1483 1230 1521 nepotes,
1254 1486 1289 1509 ac
1324 1474 1394 1509 illos
1421 1475 1527 1516 etiam,
1567 1477 1620 1523 qui
1657 1477 1784 1524 praedi-

1034 1531 1155 1557 ctorum
1197 1524 1373 1558 interventu
1407 1524 1452 1558 vel
1488 1525 1585 1571 gratia
1619 1526 1697 1561 tales
1730 1538 1784 1561 es·-

1012 1581 1014 1622 J
1034 1580 1105 1607 sent
1130 1572 1249 1620 adepti,
1271 1573 1317 1608 vel
1340 1582 1586 1620 assequerentur
1613 1575 1643 1609 in
1677 1583 1784 1622 poste-

1012 1654 1014 1666 ,
1035 1634 1117 1665 rum,
1140 1622 1280 1668 privandi
1308 1622 1539 1668 personatibus,
1578 1623 1784 1669 dignitatibus

1034 1679 1063 1704 et
1090 1671 1263 1705 honoribus
1284 1671 1551 1719 quibuscumque,
1566 1684 1602 1707 ac
1622 1673 1784 1708 beneficiis

1034 1720 1264 1758 ecclesiasticis,
1290 1729 1319 1754 et
1334 1720 1444 1755 officiis
1467 1721 1613 1767 publicis,
1634 1721 1674 1757 de
1699 1721 1784 1756 dioe-

1013 1808 1015 1816 4
1034 1780 1232 1813 ccsanorum,
1255 1769 1300 1804 vel
1328 1769 1373 1804 eis
1390 1770 1571 1805 absentibus
1597 1771 1781 1806 vicariorum

1013 1830 1162 1863 ζ5301313
1187 1818 1330 1857 consilio,
1359 1818 1500 1853 habeatis
1518 1819 1647 1854 liberam
1685 1820 1784 1855 facul-·

294 1865 315 1913 S
339 1869 372 1900 9.
400 1865 586 1907 Quaestioni
614 1877 686 1900 vero
724 1877 783 1912 qua
822 1866 1015 1912 quaeritur„

1036 1874 1140 1907 tatem,
1162 1866 1247 1913 quod
1264 1867 1401 1914 qualiter
1423 1867 1553 1914 intelligi
1572 1868 1693 1909 debeat,
1721 1880 1784 1915 pe-

1014 1954 1015 1958 ,
1036 1915 1148 1950 tivistis
1169 1915 1311 1951 eiusdem
1335 1915 1426 1951 Sedis
1460 1917 1587 1952 oraculo
1621 1917 1782 1952 declarari.

1036 1963 1104 1999 Hoc
1122 1976 1196 1999 sane
1218 1964 1257 1999 de
1284 1965 1357 2000 liliis
1378 1973 1409 2000 et
1431 1966 1599 2013 nepotibus
1636 1966 1760 2001 illorum
1775 1994 1784 2010 ,

1036 2013 1247 2057 credentium,
1270 2022 1301 2048 et
1328 2014 1462 2049 aliorum
1501 2015 1695 2056 huiusmodi,
1730 2019 1784 2062 qui

1037 2062 1131 2097 modo
1171 2063 1247 2098 tales
1283 2075 1352 2098 esse
1389 2064 1571 2110 probantur,
1605 2064 1786 2111 intelligen-

1037 2112 1112 2146 dum
1136 2124 1205 2146 esse
1237 2112 1371 2157 videtur,
1407 2125 1469 2148 303
1509 2121 1612 2148 autem
1649 2113 1785 2154 illorum,

1038 2177 1119 2211 quos
1145 2165 1328 2201 emendatos
1350 2167 1536 2210 constiterit,
1564 2175 1594 2201 et
1616 2179 1671 2213 pro
1693 2168 1784 2214 culpa

1038 2218 1219 2253 huiusmodi
1247 2219 1283 2253 ad
1311 2220 1492 2254 mandatum
1516 2221 1677 2255 Ecclesiae
1717 2233 1788 2267 poe-

1041 2272 1202 2306 nitentiam
1226 2273 1393 2319 recepisse,
1419 2285 1512 2320 quam
1545 2273 1602 2320 ipsi
1644 2273 1690 2308 vel
1725 2274 1786 2308 iam

1040 2325 1248 2372 perfecerunt,
1289 2326 1336 2359 vel
1375 2326 1536 2360 humiliter
1576 2327 1786 2373 prosecutioni

253 2406 422 2441 veniuntur
442 2405 612 2452 aliquando
654 2404 865 2450 inquisitionis
897 2405 999 2451 impe-
1041 2391 1108 2414 ems
1131 2387 1292 2423 mmmm>
1314 2379 1360 2413 iel
1401 2388 1496 2425 parim
1529 2380 1666 2425 fuemm'
1709 2380 1786 2416 dum

1041 2434 1190 2473 viverent,
1214 2433 1250 2467 ad
1275 2433 1490 2479 recipiendam
1512 2434 1666 2468 eamdem.
1698 2433 1789 2469 Dice-

1041 2487 1144 2522 cesani
1168 2499 1294 2533 quoque
1322 2487 1351 2521 in
1381 2487 1538 2533 privandis
1568 2487 1683 2522 talibus
1716 2496 1790 2523 sunt

1042 2541 1228 2586 generaliter
1247 2540 1439 2587 requirendi,
1473 2541 1530 2575 nisi
1567 2540 1671 2576 forsan
1712 2553 1790 2577 con-

1043 2603 1138 2629 staret
1160 2594 1310 2641 legitime,
1335 2595 1417 2641 quod
1451 2595 1544 2630 iidem
1580 2596 1714 2631 scienter
1743 2597 1790 2631 eis

1045 2647 1198 2683 beneficia
1224 2647 1443 2689 contulissent;
1467 2657 1541 2683 tunc
1567 2649 1651 2684 enim
1673 2660 1729 2685 eos
1757 2649 1790 2685 in
