2129 3223
368 235 440 270 806
915 243 1101 267 ιωιιΑιιιωι
1129 243 1293 266 nonnum!

312 299 499 336 Auximanis
525 299 710 346 episcopatu
741 298 868 346 privatis
895 297 1244 346 episcopalisfdignitas
1281 297 1458 333 restituitur
1497 310 1571 333 cum
1607 297 1757 334 omnibus
1791 299 1870 335 iuri·

412 350 483 389 bus,
513 350 583 383 702
605 350 633 382 b.

314 399 446 434 Avillani
469 406 608 433 castrum
635 410 652 432 a
680 398 796 432 comite
823 397 1002 432 Sabaudiae
1030 396 1106 431 Sedi
1129 396 1332 445 Apostolicae
1355 397 1518 438 donatum,
1538 398 1640 433 eidem
1664 398 1771 434 comiti
1792 410 1871 433 con—

412 448 538 482 ceditur
559 447 590 481 in
620 446 762 491 feudum,
788 449 861 482 430
883 450 912 482 b.

313 499 396 532 Azzo
423 497 462 531 de
484 496 654 543 Fregnano
680 496 930 532 infeudationem
960 498 1080 531 obtinet
1103 496 1316 544 quorumdam
1341 496 1496 537 locorum,
1520 498 1592 531 578
1619 508 1650 530 α.

313 548 396 582 Αιιο
423 545 480 580 Vt!
506 545 651 580 Estensis
674 546 814 580 marchio
838 547 1008 581 marchiam
1030 547 1260 581 Anconitanum
1290 545 1412 580 obtinet
1444 547 1473 579 in
1504 545 1634 580 seudum
1670 545 1730 579 sul)
1763 558 1871 580 annuo

413 607 525 640 censu,
549 597 619 630 524
642 597 669 629 b.

1071 748 1111 789 B

313 847 512 892 Baccalarii,
538 849 609 883 606
639 860 669 881 α.

313 896 480 944 Baguaroli
509 896 694 941 (haeretici),
723 908 901 944 eorumque
924 908 1055 944 poenae,
1080 895 1150 930 506
1174 896 1202 929 b.

313 946 441 981 Balaam
465 946 503 981 ab
526 947 613 981 asina
641 953 815 990 correctus,
842 947 904 981 ¹l6l
935 959 965 980 a.

313 995 491 1030 Balduinus
518 1007 626 1031 comes
647 995 816 1030 Flaudriac
845 994 957 1030 foedus
978 994 1036 1028 init
1058 1006 1129 1028 cum
1159 993 1311 1041 Philippo
1350 1006 1423 1041 rege
1456 992 1628 1035 Franciae,
1663 994 1747 1042 quod
1787 1006 1872 1029 con-

414 1045 568 1090 firmatur,
596 1046 654 1079 t2t
681 1047 708 1079 b.
732 1044 800 1079 Sub
843 1044 1038 1092 protectione
1057 1043 1169 1090 Apost.
1193 1043 1287 1079 Sedis
1309 1044 1482 1091 suscipitur
1503 1050 1535 1078 et
1555 1042 1720 1091 privilegia
1741 1043 1768 1078 ei
1791 1056 1874 1079 eon-

414 1095 584 1135 ceduntur,
610 1097 679 1130 140
701 1107 720 1129 α
743 1102 772 1128 et
795 1096 823 1129 b.
852 1094 899 1128 Ad
924 1093 1093 1142 imperium
1123 1092 1368 1141 Constantinop.
1397 1101 1538 1134 vocatur,
1563 1094 1633 1128 194
1655 1094 1683 1128 b.
1711 1093 1790 1128 Eius
1816 1105 1874 1142 pro

414 1144 570 1191 religione
597 1144 695 1185 zelus,
726 1145 796 1179 196
822 1156 852 1178 α.

316 1193 476 1241 Baptisma
516 1193 677 1241 quomodo
704 1192 1013 1233 administrandum,
1037 1193 1101 1226 581
1136 1205 1167 1227 a.

314 1243 454 1278 Barasou
483 1242 648 1278 Sardiniae
680 1255 733 1277 rex
760 1242 926 1277 ecclesiam
960 1241 994 1277 S.
1023 1240 1144 1276 Nicolai
1174 1241 1212 1276 de
1245 1240 1356 1289 Gurgo
1383 1253 1455 1277 cum
1489 1241 1642 1276 omnibus
1672 1241 1874 1289 pertinentiis

417 1293 610 1327 monasterio
636 1292 755 1327 Montis
778 1291 886 1327 Casini
911 1291 1020 1332 donat,
1045 1293 1065 1325 8
1085 1292 1114 1331 b,
1137 1294 1158 1325 9
1185 1304 1216 1325 α.

316 1342 456 1376 Barones
489 1351 518 1376 et
542 1342 743 1388 magistratus
770 1341 898 1376 urbium
931 1341 1143 1376 iuramentum
1174 1348 1333 1388 praestare
1355 1340 1475 1375 debent
1507 1340 1547 1376 de
1568 1339 1686 1375 auxilio
1713 1339 1874 1388 episcopis

417 1400 524 1425 contra
552 1391 726 1426 haereticos
748 1391 866 1432 dando,
888 1392 935 1425 22
962 1403 993 1424 α.

319 1439 582 1475 Bartholomaeus
605 1441 743 1487 archiep.
768 1440 977 1475 Turonensis.
1006 1441 1041 1473 V.
1064 1439 1305 1474 Turonensibus
1331 1440 1471 1486 archiep.

318 1489 582 1525 Bartholomaeus
617 1490 788 1538 episcopus
815 1489 1044 1536 Agrigentinus
1079 1489 1160 1523 bona
1202 1490 1352 1524 nonnulla
1387 1489 1550 1525 Ecclesiae
1588 1488 1706 1523 Montis
1743 1488 1874 1535 Regalis

418 1539 526 1578 donat,
551 1541 595 1574 12
617 1551 647 1574 α.

320 1588 452 1623 Basilica
476 1588 637 1636 Principis
654 1588 880 1635 Apostolorum
909 1588 947 1622 de
969 1587 1069 1626 Urbe,
1097 1589 1160 1622 561
1190 1600 1220 1621 a.
1249 1587 1447 1633 Indulgentia
1476 1587 1570 1622 trium
1594 1600 1750 1622 annorum
1771 1595 1801 1621 et
1825 1596 1874 1621 to-

419 1638 516 1672 tidem
548 1638 822 1686 quadragenarum
858 1650 913 1684 pro
953 1637 1036 1671 illam
1070 1636 1268 1671 visitantibus
1295 1649 1311 1670 a
1347 1637 1425 1671 festo
1458 1637 1665 1672 Pentecostes
1697 1649 1799 1684 usque
1833 1636 1872 1670 ad

419 1695 544 1722 octavas
570 1687 760 1723 Sanctorum
785 1686 1013 1733 Apostolorum
1038 1686 1122 1720 Petri
1145 1694 1174 1721 et
1198 1685 1304 1725 Pauli,
1329 1688 1403 1719 ibid.

321 1737 458 1771 Battario
481 1737 682 1772 schismatico
710 1737 893 1771 Fridericus
921 1736 1014 1770 filiam
1039 1736 1090 1770 dat
1118 1736 1147 1769 in
1177 1747 1320 1779 uxorem,
1343 1737 1414 1770 515
1441 1748 1470 1769 α.

322 1786 471 1821 Bai-ariae
493 1786 556 1821 dux
584 1799 600 1821 a
622 1786 785 1822 Fridcrico
806 1786 834 1820 ll
858 1786 1048 1832 imperatore
1071 1786 1208 1825 occisus,
1231 1786 1302 1818 515
1329 1798 1360 1819 α.

321 1836 523 1871 Belluneusis
540 1836 681 1871 Ecclesia
704 1836 764 1871 sub
793 1835 988 1883 protectione
1002 1835 1204 1882 Apostolicae
1226 1834 1320 1869 Sedis
1341 1834 1526 1880 suscipitur,
1548 1835 1595 1868 28
1617 1836 1644 1868 b.
1666 1834 1752 1868 Bona
1769 1834 1874 1868 omnia

421 1894 451 1920 et
484 1886 701 1921 immunitates
734 1886 761 1920 ei
790 1884 1037 1930 confirmantur,
1073 1886 1146 1919 ibid.
1175 1884 1253 1919 Eius
1280 1884 1430 1932 episcopo
1467 1883 1619 1918 nonnulla
1653 1883 1876 1918 conceduntur

423 1934 597 1982 privilegia,
620 1938 667 1971 29
694 1949 713 1970 a
741 1944 771 1970 et
798 1937 826 1970 b.

321 1985 486 2021 Benedicti
516 1985 573 2029 (S.)
607 1985 726 2020 ordinis
759 1984 938 2032 provinciae
971 1983 1186 2018 Narbonensis
1213 1991 1329 2017 statuta
1360 1982 1398 2017 ad
1435 1982 1670 2017 restaurandam
1701 1982 1875 2029 regularem

422 2035 620 2082 disciplinam
644 2034 872 2082 approbantur,
901 2036 970 2068 455
999 2035 1026 2066 b.

323 2084 516 2119 Benedictus
542 2085 711 2132 episcopus
738 2083 929 2131 Spoletauus
962 2083 1233 2117 luteramucnsem
1258 2081 1433 2116 Ecclesiam
1458 2081 1516 2116 sibi
1545 2081 1720 2116 adiudicari
1748 2082 1876 2124 nititur,

425 2136 494 2169 357
518 2136 546 2168 b.

324 2182 484 2220 Beneficia
507 2183 720 2218 ecclesiastica
743 2191 913 2230 antequam
942 2191 1052 2216 vacent
1080 2193 1142 2216 non
1171 2180 1394 2228 promittenda,
1423 2183 1464 2215 19
1491 2193 1511 2215 α
1532 2188 1563 2215 et
1585 2183 1612 2214 b.
1635 2180 1708 2215 Duo
1721 2192 1783 2214 non
1801 2179 1878 2213 reti-

426 2233 598 2273 nenda,⁴20
613 2246 644 2273 a,
667 2234 737 2268 366
754 2246 785 2276 a,
801 2234 864 2266 781
898 2245 928 2265 α.
953 2230 1001 2265 Ad
1018 2243 1052 2265 ea
1068 2242 1221 2276 personae
1245 2230 1366 2264 idoueae
1383 2230 1641 2276 praesentandae,
1664 2232 1734 2264 2t7
1752 2231 1780 2263 b.
1806 2227 1875 2262 Non

426 2291 500 2317 sunt
538 2282 727 2317 conferenda
759 2291 926 2328 antequam
963 2289 1090 2318 vacent,
1124 2282 1197 2314 ibid.
1227 2288 1256 2313 et
1290 2281 1360 2314 599
1389 2293 1419 2313 a.
1454 2279 1657 2315 Revocantur
1688 2278 1807 2313 indulta
1841 2290 1876 2311 ea

425 2332 606 2367 conferendi
630 2345 702 2367 cum
727 2332 902 2366 vacaverint
925 2340 953 2363 ct
981 2330 1195 2375 expectativae
1222 2329 1258 2364 ad
1283 2328 1391 2363 eadem
1416 2330 1510 2363 etiam
1535 2337 1605 2376 post
1631 2329 1777 2375 adeptam
1804 2340 1878 2374 pos-

426 2382 615 2424 sessionem,
648 2384 722 2417 ibid.
746 2383 773 2415 b.
802 2380 942 2415 Promoti
973 2379 1011 2413 ad
1036 2378 1252 2414 Ecclesiarum
1282 2378 1450 2424 regimina,
1474 2378 1522 2411 illu
1551 2378 1714 2412 dumtaxat
1737 2376 1875 2411 retinere

427 2440 570 2477 possunt,
592 2444 672 2478 quae
695 2443 771 2466 suae
795 2430 1004 2477 promotionis
1032 2437 1174 2475 tempore
1208 2428 1359 2462 canonice
1391 2427 1581 2471 retinebant,
1610 2428 1682 2462 697
1714 2439 1744 2460 a.
1787 2425 1877 2467 Quae

427 2480 509 2526 apud
534 2480 649 2515 Sedem
675 2480 889 2527 Apostolicam
909 2486 1017 2514 vacant
1044 2478 1148 2513 eidem
1177 2486 1388 2515 reservantur.
1419 2479 1489 2511 743
1516 2490 1546 2511 a.

328 2527 556 2563 Beneventum.
579 2530 738 2565 Salarium
761 2530 830 2565 eius
852 2528 1011 2563 iudicibus
1033 2528 1226 2574 assignatur.
1257 2529 1322 2561 t25
1345 2539 1374 2561 α.
1399 2526 1479 2560 luris
1501 2526 1535 2560 S.
1565 2525 1647 2560 Petri
1680 2524 1876 2565 declaratur,

428 2586 457 2612 et
479 2578 564 2625 leges
592 2592 647 2626 pro
675 2580 744 2614 eius
778 2578 1001 2625 tranquillitate
1035 2577 1161 2621 dautur,
1189 2579 1260 2611 580
1292 2578 1319 2610 b.
1356 2575 1391 2617 In
1420 2588 1454 2610 ea
1483 2575 1607 2610 civitate
1634 2581 1747 2609 statuta
1784 2573 1878 2609 condi

428 2627 546 2675 absque
574 2628 697 2663 licentia
721 2630 830 2677 Apost.
855 2628 946 2663 Sedis
970 2627 1166 2677 prohibetur,
1189 2626 1314 2660 condita
1343 2625 1546 2672 abrogantur,
1570 2625 1640 2658 768
1663 2625 1691 2659 b.
