2129 3223
47 234 96 262 An.
114 235 144 263 C.
159 235 225 264 ¹225

52 1975 182 1999 Praemium.

846 241 1009 265 HONOtuus
1032 243 1067 264 ΙΙΙ
1092 243 1139 265 ΡΙ).

240 304 352 328 manus
379 300 493 328 vestras
515 292 616 329 taliter
628 305 795 331 concessae
822 296 981 338 redierint,

238 353 253 375 a
279 353 437 390 quoquam
460 343 562 378 vexari
591 344 729 391 possitis,
760 353 794 379 ut
827 345 932 381 nullus
965 358 981 381 a

238 391 324 426 vobis
344 391 383 426 de
409 391 589 427 huiusmodi
612 393 715 434 terris,
743 406 822 441 quae
855 396 892 430 ad
928 408 982 431 vos

237 440 336 475 taliter
357 441 517 481 redierint,
544 443 569 477 si
588 455 641 477 eas
663 443 810 479 manibus
848 446 981 493 propriis

235 496 288 524 aut
313 490 492 537 sumptibus
512 491 627 533 colitis,
657 493 823 528 occasione
856 495 979 530 concilii

236 540 409 581 memorati,
431 540 568 576 decimas
589 542 716 589 exigere
734 542 779 577 vel
794 552 980 591 extorquere

233 597 422 671 praesumat,
444 592 628 627 auctoritate
655 593 863 638 praesentium
896 594 979 629 inbi-

255 648 355 673 emus.

282 686 366 722 Nulli
388 700 464 734 ergo
484 698 536 724 etc.
558 689 592 725 Si
615 690 687 737 quis
709 699 812 726 autem
835 700 887 727 etc.

280 735 396 773 Datum
423 737 567 774 Lateran.
597 740 734 787 septimo
758 740 881 776 kalend.
922 742 978 777 de-

230 785 378 828 cembris,
401 788 599 834 pontificatus
622 789 720 824 nostri
748 802 829 825 anno
857 803 951 826 nono.

249 848 310 880 Dat.
322 849 369 880 die
379 849 419 880 25
434 850 601 881 novembris
613 850 698 889 1224,
717 852 819 892 pontis.
832 863 907 883 anno
920 862 956 884 ix.

541 1017 670 1054 LXXV.

231 1095 329 1130 Unam
362 1097 568 1141 praebendam
601 1096 634 1129 in
665 1096 794 1139 sinyulis
826 1095 976 1130 Franciae

277 1145 420 1180 Ecclesiis
441 1153 571 1179 reservat
594 1157 653 1190 pro
674 1145 896 1179 necessitatibus
918 1145 976 1180 Ec-

275 1195 382 1229 clesiae
400 1195 559 1229 Romanae
584 1197 638 1238 (i).

491 1267 704 1298 SUMMARIUM

227 1329 415 1361 Prooemium.
432 1347 471 1352 —
488 1329 701 1359 Nonnullorum
726 1330 974 1360 murmurationes

267 1379 384 1414 propter
398 1383 540 1414 expensas
558 1374 663 1404 Curiae
682 1374 829 1404 Romanae
857 1390 896 1396 —
915 1373 973 1403 ne-

264 1419 416 1450 felluntur.
431 1435 470 1441 ——
484 1418 575 1448 Unam
591 1417 787 1456 praebendam
804 1419 832 1448 in
847 1419 973 1457 singuiis

263 1462 405 1493 Ecclesiis
423 1466 554 1493 reservat
576 1471 627 1501 pro
649 1461 678 1492 S.
697 1461 729 1492 R.
751 1462 782 1492 E.
807 1463 972 1493 necessita-

264 1507 351 1538 tibus.
369 1524 408 1530 —
422 1507 528 1538 Omnia
543 1515 608 1537 vero
619 1508 708 1545 gratis
724 1508 821 1537 datum
837 1508 870 1537 iri
887 1517 974 1547 spou-

263 1552 322 1583 det.
348 1569 388 1575 —
416 1551 574 1592 Superiora
606 1550 772 1580 rationibus
795 1556 822 1581 et
855 1552 972 1581 monitis

262 1599 356 1636 urget.
371 1613 410 1619 -—
424 1597 596 1626 Adhortatio
608 1595 644 1625 ad
655 1595 796 1625 Franciae
809 1596 972 1636 episcopos.

222 1663 351 1693 Honorius
369 1663 510 1699 episeopus
528 1669 623 1691 servus
652 1668 791 1691 servorum
813 1662 875 1696 Del.
894 1670 975 1692 vene-

266 1713 398 1743 rabilibus
416 1712 553 1742 tratribus
588 1712 807 1748 archiepiscopis,
828 1712 972 1749 episcopis,

266 1763 296 1792 ot
307 1762 418 1792 dilectis
436 1761 501 1791 filiis
517 1761 652 1790 universis
668 1761 850 1790 ttcoiesiarum
867 1761 972 1797 praela·

267 1816 308 1845 tis
325 1823 374 1853 per
392 1822 506 1852 regnum
524 1815 651 1844 franciae
669 1815 841 1848 constitutis,
856 1815 974 1844 salutem

268 1866 299 1895 ot
316 1864 495 1902 apostoticam
512 1862 734 1893 benedictionem.

272 1927 378 1976 Super
403 1939 512 1962 muros
532 1925 729 1962 Hierusalem
757 1927 905 1962 custodes
920 1940 972 1975 po-

224 1977 287 2019 siti,
313 1985 432 2025 quanto
452 1977 692 2012 eminentiorem
720 1977 883 2023 speculum
922 1977 971 2012 di-

223 2027 351 2074 gnitatis
377 2025 581 2067 attendimus,
603 2033 689 2060 tanto
715 2026 744 2059 in
773 2026 971 2062 eminentiori

223 2076 330 2112 debito
351 2075 555 2111 sollicitamur
581 2074 685 2116 officii,
708 2082 741 2109 ut
761 2074 899 2121 vigilanti
919 2089 972 2111 cu-

223 2125 323 2162 stodia
341 2125 430 2161 uobis
443 2136 569 2172 quoque
585 2136 639 2171 per
653 2124 811 2169 meritum,
830 2125 898 2161 aliis
918 2137 972 2173 per

222 2175 413 2224 exemplum,
432 2182 590 2222 quatenus
612 2173 641 2207 in
670 2182 840 2221 conspectu
876 2174 971 2210 Altis-

222 2226 293 2260 simi
321 2225 534 2260 conscientiae
556 2224 675 2271 puritas
701 2231 914 2265 conservetur,
941 2232 971 2259 et

222 2274 253 2310 in
279 2274 359 2310 facie
387 2274 532 2322 propriae
572 2272 672 2307 famae
706 2272 867 2320 integritas
907 2285 969 2309 non

222 2322 373 2360 laedatur.
401 2322 537 2358 Multum
556 2322 641 2357 enim
663 2321 746 2356 cedit
767 2321 806 2357 ad
834 2334 972 2358 commo-

223 2372 313 2419 dum,
336 2380 420 2409 utet
445 2372 673 2408 conscientiam
700 2370 780 2407 sama
816 2384 876 2407 non
912 2372 971 2408 de-

223 2422 312 2464 serat,
334 2430 364 2459 et
386 2422 498 2458 famam
522 2420 711 2457 conscientia
733 2422 891 2457 contemni
909 2429 970 2457 non

224 2481 371 2519 exponat,
387 2471 442 2507 sed
467 2471 571 2520 potius
593 2470 713 2505 mutuis
731 2480 972 2518 promoveantur

224 2519 391 2569 suffragiis,
412 2529 443 2556 et
469 2521 588 2556 mutuis
624 2519 682 2555 sibi
723 2520 972 2568 promotionibus

224 2570 443 2617 suffragentur,
481 2578 610 2618 propter
641 2569 725 2617 quod
765 2569 795 2603 in
833 2570 972 2605 vestibus

260 2629 298 2663 tt)
314 2627 353 2654 Ex
372 2627 502 2659 Martene,
521 2626 664 2658 Anecdot.,
686 2630 749 2652 torn.
772 2633 791 2654 ι,
807 2625 856 2652 col.
874 2626 933 2652 920.

275 2690 278 2691 ν
306 2671 376 2701 Bait.
397 2671 471 2701 Rom.
500 2672 553 2701 vot.
572 2671 622 2700 ΙΙΙ.
790 2671 826 2701 ῧὶ.)

1652 238 1721 271 409

1023 296 1107 332 Aron
1131 298 1208 333 mala
1239 300 1351 344 punica
1374 313 1445 335 rum
1475 301 1692 337 tintinnabulis
1713 303 1771 338 de-

1023 347 1211 393 pendebant.
1233 346 1332 384 Porro
1350 349 1424 385 dum
1448 350 1652 393 attendimus,
1690 352 1768 399 quid

1021 407 1103 431 onus
1126 397 1254 432 lionoris
1276 408 1434 446 exposcat,
1456 400 1531 447 quid
1570 401 1692 436 sarcina
1719 401 1769 436 di·-

1021 447 1176 492 gnitatum
1199 445 1366 493 desideret,
1390 449 1486 484 multa
1510 462 1567 484 nos
1593 462 1666 486 cura
1688 450 1767 486 solli-

1021 495 1104 539 citat,
1132 495 1248 531 multae
1271 509 1327 531 nos
1360 498 1580 534 sollicitudinis
1618 512 1767 547 urgemur

1022 545 1179 590 instantia,
1201 546 1336 593 qualiter
1363 547 1429 583 Deo
1461 549 1699 589 satisfaciamus,
1736 558 1766 586 et

1020 592 1151 639 homini,
1189 596 1246 631 etsi
1277 608 1338 631 non
1363 605 1395 632 ut
1423 597 1567 633 volumus
1597 607 1627 633 et
1666 598 1765 634 debe-

1019 656 1102 688 mus,
1129 644 1237 679 saltem
1267 653 1358 693 prout
1381 647 1591 693 permittimur
1616 656 1647 683 et
1683 649 1764 684 vale—

1020 705 1100 728 mus.
1129 693 1211 730 Sane
1235 694 1350 730 multos
1372 696 1562 737 multotiens,
1582 706 1610 731 et
1637 698 1763 732 autlivi—
1797 705 1946 742 Nmmuthfrwu

1019 755 1101 786 mus,
1125 752 1154 779 et
1193 744 1329 779 vidimus
1363 754 1598 780 murmurantes
1637 757 1763 794 propter
1777 741 1961 794 ff,¹‡,',‚'','.}³,'‘¹,¹2',⁰p⁰0‘{‚⁵.

1018 803 1182 838 expensaS,
1203 805 1282 840 quas
1304 794 1464 829 venientes
1485 795 1520 829 ad
1544 794 1658 830 Sedem
1681 797 1810 849 Apo-2¹²:
1825 797 1898 849 2:¹¹*
1917 798 1959 819 ἢθ-

1017 841 1156 876 stolicam
1180 841 1345 878 faciebant.
1379 844 1507 879 Scimus
1544 853 1649 879 autem
1685 847 1760 892 quid
1810 836 1822 849 ⁰

1017 889 1190 926 extalibus
1217 891 1368 927 inferebat
1408 894 1621 941 praesumptio
1660 894 1763 929 detra-

1016 947 1151 984 ctorum,
1174 940 1253 988 quid
1280 941 1358 976 labia
1380 942 1510 985 dolosa,
1543 943 1619 990 quid
1656 943 1761 991 lingua

1017 988 1217 1037 magniloqua
1239 991 1491 1038 praesumebant,
1518 1004 1591 1027 cum
1618 994 1761 1029 nonnulli

1016 1049 1179 1074 sermones
1222 1039 1253 1074 in
1293 1040 1419 1087 publico
1462 1050 1672 1078 monstrantes
1687 1070 1695 1082 ,
1734 1052 1762 1077 et

1017 1087 1175 1123 mittentes
1197 1089 1407 1136 periculosius
1435 1090 1532 1126 iacula
1567 1091 1596 1125 in
1628 1091 1762 1134 occulto,

1017 1135 1190 1172 Romanam
1214 1138 1390 1174 niterentur
1411 1139 1555 1176 mordere
1575 1139 1761 1182 Ecclesiam,

1017 1187 1113 1233 parati
1140 1198 1202 1222 non
1224 1188 1326 1223 solum
1349 1201 1385 1224 ea
1400 1217 1408 1231 ,
1431 1201 1512 1237 quae
1548 1191 1634 1237 vigor
1673 1191 1763 1226 iusti-

1016 1235 1088 1276 tiae,
1110 1235 1166 1271 sed
1188 1236 1280 1272 etiam
1307 1250 1389 1285 quae
1411 1239 1561 1274 iudicium
1583 1241 1762 1288 aequitatis,

1015 1296 1139 1319 necnon
1182 1284 1383 1333 benignitatis
1419 1289 1515 1335 gratia
1557 1288 1764 1325 eonsumabat

1014 1334 1083 1368 suis
1110 1334 1348 1382 loquutionibus
1369 1337 1550 1385 depravare,
1578 1340 1761 1385 praesertim

1015 1383 1098 1429 apud
1120 1396 1186 1429 eos,
1213 1384 1267 1431 qui
1283 1398 1374 1420 aures
1392 1387 1572 1433 prurientes
1594 1387 1761 1432 habehant,

1015 1440 1045 1467 et
1065 1444 1175 1479 graves
1196 1441 1227 1469 et
1248 1442 1368 1470 erectas
1389 1436 1427 1471 ad
1451 1436 1578 1471 malum.
1598 1436 1672 1472 Illos
1685 1449 1763 1485 quo-

1015 1493 1076 1529 que
1098 1482 1128 1517 in
1155 1483 1272 1518 talibus
1299 1483 1481 1532 frequenter
1501 1487 1620 1533 experti
1648 1499 1762 1523 sumus

1015 1531 1196 1577 ostendere,
1218 1533 1272 1580 qui
1309 1535 1393 1570 missi
1419 1547 1586 1581 procurare
1627 1538 1761 1584 negotia,

1014 1580 1090 1615 dum
1115 1594 1149 1616 ea
1172 1594 1252 1629 quae
1276 1583 1335 1618 illis
1361 1584 1398 1618 ad
1428 1587 1622 1620 necessarias
1661 1586 1762 1632 depu-

1015 1630 1162 1666 tabantur
1188 1644 1354 1678 expensas,
1376 1635 1442 1668 suis
1469 1635 1682 1681 voluptatibus
1704 1649 1763 1683 ap-

1016 1679 1184 1726 plicabant,
1202 1681 1239 1716 ad
1264 1683 1442 1718 miserabile
1469 1684 1647 1719 subsidium
1676 1697 1763 1720 men-

1014 1729 1093 1764 dacii
1115 1740 1324 1773 recurrentes,
1346 1733 1456 1768 alienis
1483 1733 1624 1768 moribus
1647 1735 1761 1781 impin-

1013 1778 1152 1824 gebant,
1193 1780 1275 1827 quod
1324 1782 1448 1829 proprie
1490 1783 1760 1818 defraudaverant.

1013 1827 1096 1870 Quia
1122 1841 1196 1864 vero
1218 1829 1248 1864 iu
1277 1830 1314 1865 iis
1340 1839 1446 1866 contra
1473 1832 1589 1868 Sedem
1622 1833 1760 1880 Aposto-

1014 1878 1102 1912 licam
1131 1878 1277 1914 detractis
1304 1879 1477 1928 obrepebat
1499 1883 1634 1924 occasio,
1652 1891 1681 1918 et
1703 1883 1762 1917 Ec-

1012 1926 1114 1961 clesiis
1136 1935 1166 1962 et
1192 1926 1404 1964 Ecclesiarum
1438 1931 1603 1978 praelatis.
1638 1943 1758 1967 necnon

1012 1984 1043 2010 et
1064 1975 1132 2011 aliis
1155 1976 1318 2013 videbatur
1345 1979 1530 2015 imminuere
1570 1993 1758 2027 gravamen3

1012 2025 1255 2061 cumfratribus
1288 2029 1403 2063 nostris
1437 2029 1603 2077 diligenter
1637 2033 1759 2066 curavi-

1014 2087 1084 2109 mus
1104 2075 1222 2111 habere
1244 2084 1422 2122 tractatum,
1449 2091 1513 2126 quo
1539 2079 1657 2120 studio,
1698 2092 1758 2126 qua

1012 2124 1157 2165 cautela,
1196 2126 1371 2162 secundum
1402 2126 1504 2162 Deum
1538 2137 1567 2162 et
1598 2129 1757 2164 hominem

1013 2173 1225 2209 inveniremus
1251 2175 1281 2209 in
1310 2176 1424 2211 talibus
1461 2177 1620 2212 salubrem
1653 2178 1757 2225 provi-

1012 2223 1109 2257 sionis
1131 2224 1289 2266 ellectum,
1317 2233 1348 2260 et
1362 2226 1498 2266 tandem,
1518 2227 1757 2273 proutDomiuo

1012 2272 1140 2319 placuit,
1161 2275 1319 2309 communi
1354 2284 1383 2310 et
1424 2276 1562 2310 unanimi
1602 2275 1756 2311 delibera-

1012 2321 1097 2357 tione
1124 2323 1247 2357 consilii
1270 2335 1335 2358 rem
1362 2335 1423 2358 non
1447 2337 1570 2365 novam,
1594 2337 1651 2360 nec
1673 2326 1755 2360 inex-

1012 2371 1177 2417 cogitatam
1204 2384 1219 2406 a
1244 2373 1535 2418 praedecessoribus
1557 2375 1671 2409 nostris
1697 2388 1755 2410 su-
1779 2383 1957 2421 Unnmmebert·

1014 2433 1083 2454 mus
1104 2422 1253 2467 aggressi,
1279 2422 1418 2457 volentes
1443 2424 1527 2470 quod
1563 2424 1604 2458 illi
1638 2425 1752 2459 salubri
1769 2415 1957 2468 ἓζῖἶεζῖῑξζῖξὲιξῖ

1012 2470 1143 2504 consilio
1167 2470 1364 2517 providerent
1386 2472 1500 2507 efficaci
1535 2485 1629 2521 opere
1672 2487 1754 2509 con·
1770 2477 1948 2529 ’ἒῑξῑῗῗ-ιῗχῑ

1012 2531 1150 2564 sumare,
1167 2521 1323 2566 videlicet,
1346 2529 1378 2555 ut
1403 2522 1440 2556 ad
1464 2535 1543 2569 opus
1564 2522 1655 2558 Sedis
1669 2523 1755 2572 Apo·
1770 2513 1782 2528 Ε
1799 2514 1808 2529 c
1826 2515 1893 2529 ’Νι
1912 2516 1934 2530 “’

1013 2569 1139 2603 stolicae
1162 2569 1193 2604 in
1215 2570 1350 2617 singulis
1376 2572 1607 2607 cathedralibus
1645 2572 1755 2609 Eccle-

1013 2619 1067 2652 siis
1101 2626 1130 2651 et
1153 2618 1221 2653 aliis
1236 2620 1496 2665 praebendalibus
1512 2622 1654 2668 singulae
1667 2635 1758 2665 prae-

1787 249 1835 272 Αη.
1852 247 1879 273 t]⁴
1903 248 1966 274 twa

1789 1447 1925 1470 serenantur.
