2129 3223
0 263 1 267 ’
41 265 93 293 An.
107 265 138 293 C.
155 263 223 293 ¹267

59 1249 164 1280 Multaque
191 1258 228 1279 per

46 1287 92 1303 enm
107 1281 162 1304 Deus
176 1287 229 1309 ope-

46 1315 104 1334 ntur
120 1313 229 1334 miracula.

63 1889 152 1912 Puerum
164 1890 235 1911 flumi-

50 1926 78 1942 ne
113 1925 233 1942 immersum

51 1952 143 1974 restituit
169 1952 233 1972 vitae.

860 263 1005 287 CLEMENS
1026 263 1059 286 tv
1081 263 1128 286 ΡΙ).

239 330 298 354 nec
317 319 442 359 arescit,
464 317 519 353 sed
544 317 667 352 felicem
692 318 870 372 perenniter
891 316 985 352 efficit

238 380 333 416 quem
367 367 544 413 fulgoribus
570 366 716 413 gloriosis
749 367 886 413 insignit.
916 366 984 400 Non

239 417 479 461 enimtempori,
491 415 575 463 quod
596 416 806 462 corruptionis
820 423 867 450 cst
881 427 985 459 causa,

239 467 379 501 subiacet
403 466 479 501 haec
507 477 639 506 cotona;
660 465 710 499 cni
738 465 835 499 semel
862 477 986 499 conce—

239 515 334 555 ditur,
364 514 566 561 postmodum
592 526 652 548 non
681 514 830 553 aufethttt·
857 525 985 548 cumea

240 575 387 599 concessa
411 576 473 598 non
497 563 595 610 possit
612 563 803 609 ingratitudo
820 563 986 602 committi,

240 626 321 661 quae
348 621 396 648 est
426 625 518 647 causa
545 612 703 646 sufficiens
731 612 872 646 muneris
900 624 988 646 reio-

241 663 344 718 candi,
383 674 521 708 cumque
554 673 680 708 semper
715 661 872 696 inhaereit
912 660 986 694 sonti

243 713 338 755 vitae,
371 723 544 758 numquam
578 710 709 757 deponit
744 711 898 756 xigoiffem
932 722 988 744 nec

242 760 418 807 dispendiis
452 760 603 794 ariditatis
637 759 780 801 afficitur,
814 771 888 793 cum
920 759 988 793 sine

243 810 476 845 intermissione
516 808 669 854 irriguum
715 808 878 854 participet
921 808 989 842 talis

243 859 349 894 fontis.
378 858 458 900 Quis
480 870 541 892 non
566 857 603 891 ad
632 858 712 892 hanc
734 858 840 891 venire
866 856 991 892 festina-

242 908 289 942 bit
322 909 492 941 coronam?
531 906 612 948 Quis
651 906 745 946 labor,
785 906 869 953 quod
897 918 989 943 onus,

243 969 323 1004 quae
339 957 414 991 tanti
431 968 492 990 non
509 956 620 1001 leviget
637 956 764 1002 praemii
786 955 990 1001 magnitudo?

243 1013 297 1041 aut
335 1017 414 1053 quac
449 1005 486 1039 ad
526 1016 674 1052 praesens
712 1004 890 1038 amaritudo
928 1012 988 1038 tam

243 1055 428 1098 vehemens,
451 1062 512 1089 tam
537 1054 678 1093 molesta,
705 1065 786 1100 quae
809 1061 913 1088 tantae
940 1065 991 1086 re·—

244 1104 474 1140 munerationis
501 1115 562 1137 non
583 1102 742 1137 dulcescat
764 1101 942 1149 stipendio?
962 1101 991 1136 Ο

244 1153 367 1188 felicem
401 1153 583 1195 foeminam,
622 1164 701 1198 quae
735 1151 816 1185 hanc
843 1162 991 1185 coronam

243 1202 390 1242 obtinuit,
422 1213 516 1248 quam
551 1200 706 1235 bonorum
737 1200 880 1234 omnium
907 1200 993 1234 exhi-

245 1251 294 1286 bet
318 1250 516 1286 Retributor!
544 1249 653 1295 Regali
689 1250 792 1296 itaque
818 1249 993 1284 diademate

244 1301 290 1335 sic
313 1300 457 1346 insignis,
488 1299 615 1334 coelesti
644 1298 793 1344 regnabat
821 1298 849 1331 in
882 1298 992 1344 patria,

245 1361 307 1384 non
343 1350 508 1383 immemor
540 1347 668 1382 exulum
695 1347 922 1401 suspirantium
954 1347 992 1381 ad

245 1399 342 1445 ipsam
367 1409 439 1433 cum
464 1397 609 1435 lacrimis
632 1396 716 1443 quod
739 1408 806 1429 suis
832 1396 910 1430 adeo
937 1395 994 1430 be-

245 1447 366 1482 neficiis
397 1445 590 1488 consol;,itur
619 1445 702 1492 quod
731 1457 859 1479 suorum
895 1444 993 1479 inter-

244 1496 320 1530 dum
361 1503 502 1530 reatuum
544 1494 688 1533 veniam,
734 1501 764 1528 et
804 1493 992 1539 languorum

245 1545 423 1600 percipiunt
445 1544 514 1578 eius
533 1543 707 1590 patrocinio
723 1542 926 1582 medicinam,
955 1542 994 1577 le-

244 1594 353 1640 gitime
375 1594 406 1628 in
436 1593 496 1627 hoc
524 1592 642 1626 mundo
663 1591 870 1626 certantibus.
899 1591 993 1633 Quod

245 1642 370 1689 quidem
389 1641 527 1676 subiecta
546 1641 705 1675 declarant
721 1640 883 1674 evidenter
899 1652 995 1674 mira-

245 1691 326 1734 outa,
345 1702 443 1737 panca
457 1703 494 1725 ex
511 1690 620 1725 multis
643 1689 682 1723 ad
715 1701 863 1735 praesens
885 1689 993 1727 electa,

246 1749 406 1786 tamquam
435 1739 636 1774 validissimis
661 1745 692 1772 et
726 1737 910 1772 indubitatis
945 1746 994 1772 te-

248 1789 405 1823 stimoniis
428 1787 636 1833 proculdubio
657 1786 871 1832 comprobata„

296 1837 396 1885 g‘t5.
424 1837 502 1871 Nam
531 1848 611 1883 puer
637 1836 765 1882 quidam
795 1836 893 1870 fuerat
920 1847 994 1870 casn

249 1885 377 1922 fortuito
416 1886 566 1932 delapsus
603 1886 633 1919 in
668 1896 807 1924 amnem,
841 1896 904 1931 quo
941 1897 996 1931 per

248 1937 371 1971 alveum
390 1935 528 1981 ligneum
545 1934 603 1969 snb
627 1943 692 1969 rota
714 1933 900 1973 molendini,
920 1934 994 1968 dum

249 1985 439 2025 volveretur,
472 1984 620 2022 deducto,
647 1983 732 2017 stetit
759 1983 824 2029 ipsa
847 1992 924 2026 rota,
946 1995 995 2017 re-

249 2033 419 2068 volutionis
435 2033 540 2067 officio
559 2040 687 2079 propter
704 2032 765 2066 hoc
779 2032 942 2077 impedito,
965 2040 996 2066 et

248 2082 324 2117 dum
351 2082 391 2116 ab
422 2082 472 2122 iis,
507 2082 561 2128 qui
599 2082 697 2128 ipsius
724 2082 884 2115 custodiae
914 2093 996 2128 prze-

248 2139 336 2166 erant
358 2130 543 2169 molendini
569 2142 626 2164 cur
653 2129 735 2164 istud
757 2130 912 2164 accideret
939 2142 996 2164 ex-

248 2181 383 2228 quiritur
403 2179 583 2225 diligenter,
611 2179 749 2225 ipsorum
769 2179 807 2213 de
825 2191 920 2225 puero
948 2179 996 2212 ot-

249 2230 348 2264 fertur
367 2228 561 2275 aspectibus,
589 2228 662 2274 quia
684 2240 781 2274 super
801 2239 901 2274 aquae
925 2240 995 2262 ver-

250 2279 342 2313 ticem
380 2277 499 2324 pedum
539 2277 720 2311 extremitas
759 2276 932 2320 serebatur,
966 2285 996 2311 et

251 2327 323 2362 licet
361 2326 591 2373 compassionis
633 2325 745 2372 spiritu
790 2334 994 2372 suggerente

251 2377 353 2423 ipsum
388 2375 427 2410 de
449 2387 541 2429 aqua,
573 2374 625 2408 ubi
657 2386 712 2420 pei
738 2373 846 2408 horam
874 2383 903 2409 et
926 2386 996 2408 am-

252 2425 334 2471 plius
355 2425 400 2459 sic
425 2425 511 2458 stetit
537 2425 716 2466 immersus,
743 2422 901 2458 deducere
928 2435 997 2457 mo-

251 2474 388 2517 liuntur,
423 2473 468 2508 eis
509 2482 626 2512 tamen,
667 2480 751 2506 rotae
778 2472 996 2518 magnitudine

251 2522 434 2561 obsistente,
458 2522 607 2568 perlicere
635 2528 807 2567 nequeunt,
841 2521 924 2568 quod
957 2533 996 2556 ex

251 2570 352 2606 officio
377 2571 506 2617 pietatis
530 2571 692 2604 intentant.
716 2569 779 2603 Sed
809 2578 842 2603 ut
871 2582 922 2604 ars
948 2570 996 2603 vi-

251 2621 331 2654 tium
354 2620 499 2667 suppleat
521 2619 682 2665 ingeniosa
704 2617 874 2660 defectum,
897 2627 995 2654 rotam

1014 1995 1052 2018 .a
1083 1994 1180 2029 puero
1207 1983 1409 2030 gracilitatem
1438 1983 1589 2017 habuerat
1620 1983 1764 2018 tibiarum

1656 253 1725 284 ⁷75

1026 316 1124 364 ipsam
1147 316 1336 364 quibusdam
1364 316 1530 352 artificiose
1555 316 1773 352 instrumentis

1026 366 1186 410 adhibitis,
1226 378 1298 401 cum
1341 378 1437 412 puero
1471 378 1596 400 sursum
1633 365 1771 408 trahunt,

1026 416 1118 450 cuius
1142 427 1258 462 corpus
1278 416 1323 450 sic
1350 424 1415 450 erat
1436 415 1477 450 ob
1498 415 1600 462 ipsius
1619 415 1773 461 magnitu-

1026 464 1130 499 dinem
1166 472 1251 499 rotae
1284 476 1517 510 compressum,
1549 463 1633 511 quod
1671 464 1700 498 in
1736 476 1771 499 ea

1028 522 1125 560 parte,
1140 525 1199 560 qua
1217 522 1323 548 venter
1336 513 1430 548 dorso
1449 513 1645 559 dignoscitur
1661 512 1773 548 adhae-

1029 575 1108 607 iere,
1141 562 1301 597 redactum
1331 562 1360 596 id
1396 562 1536 597 iudicent
1568 561 1605 596 ad
1630 562 1772 609 spissitu-

1028 611 1132 647 dinem
1155 611 1277 659 palmae
1305 623 1429 652 manus,
1457 623 1593 658 cumque
1621 612 1772 649 attritum,

1028 661 1167 706 gelidum
1189 669 1219 695 et
1239 661 1336 695 nimio
1357 668 1440 695 esset
1456 661 1555 706 rigore
1580 669 1772 706 protensum,

1030 711 1067 744 ita
1090 710 1173 757 quod
1202 710 1307 756 ipsum
1330 710 1505 744 exanimem
1534 718 1631 744 testes
1652 721 1774 744 assere-

1030 768 1098 793 rent
1107 758 1329 814 proculdubio
1351 758 1502 801 extitisse
1520 759 1619 805 ipsius
1640 757 1775 793 Sanctae

1030 808 1156 842 nomine
1195 808 1379 855 suppliciter
1425 808 1585 847 inv,0cato
1629 808 1688 842 vita
1730 809 1776 842 sic

1030 857 1170 892 redditur
1191 869 1301 904 puero,
1323 856 1406 904 quod
1436 857 1502 891 suis
1530 869 1620 891 mane
1643 856 1703 891 diei
1726 869 1777 892 se·

1030 907 1168 953 quentis,
1196 906 1284 940 nullo
1307 907 1338 940 in
1361 918 1398 940 eo
1422 907 1611 952 perdurante
1631 906 1777 941 laesionis

1032 956 1172 1001 vestigio,
1197 955 1331 1001 pedibus
1353 955 1535 989 ambulavit.

1079 1004 1099 1051 S
1125 1007 1179 1038 14.
1203 1004 1275 1038 Fuit
1295 1004 1386 1038 etiam
1414 1003 1568 1051 quaedam
1582 1004 1697 1039 nobilis
1712 1016 1779 1039 mu·

1032 1054 1105 1097 lier,
1128 1065 1208 1100 quae
1232 1061 1359 1100 propter
1385 1054 1602 1088 vehementem
1630 1061 1661 1088 et
1680 1053 1779 1088 diuti-

1034 1115 1103 1137 nam
1138 1103 1330 1149 cephalicam
1367 1102 1557 1148 passionem,
1584 1102 1667 1137 illam
1702 1103 1780 1138 cali—

1032 1152 1135 1197 ginem
1164 1151 1530 1195 incurreratoculorum,
1556 1151 1641 1198 quod
1668 1164 1779 1186 eorum

1034 1201 1147 1234 intuitu
1175 1200 1340 1244 defectivo,
1362 1211 1475 1234 manus
1493 1201 1562 1234 eius
1578 1212 1639 1234 non
1661 1209 1781 1247 poterat

1033 1249 1271 1295 comprehendi,
1292 1257 1407 1286 et.cum
1430 1261 1490 1294 ope
1508 1248 1702 1284 medicorum
1721 1249 1779 1284 sibi

1033 1299 1173 1333 succurri
1194 1310 1256 1332 non
1281 1305 1397 1344 posset,
1419 1298 1457 1332 ad
1480 1298 1577 1344 ipsius
1589 1298 1723 1333 Sanctae
1736 1311 1782 1333 se-

1036 1347 1201 1394 pulchrum
1229 1347 1410 1387 adducitur,
1445 1346 1499 1381 ubi
1533 1358 1664 1382 munere
1687 1349 1782 1393 pruti-

1036 1408 1094 1430 nus
1121 1396 1260 1430 sanitatis
1281 1395 1406 1442 adept0,
1438 1395 1594 1430 recidivae
1627 1397 1783 1443 passionis

1034 1445 1212 1480 molestiam
1248 1444 1449 1490 postmodum
1476 1457 1539 1479 non
1565 1445 1709 1480 incurrit.

1083 1494 1102 1540 g
1126 1495 1180 1527 15.
1215 1493 1284 1527 Alia
1310 1505 1437 1541 quoque
1458 1494 1572 1529 mulier
1603 1494 1676 1535 suit,
1702 1506 1783 1541 quae

1035 1543 1140 1577 nerxis
1162 1543 1347 1583 contractis,
1379 1543 1476 1589 peiles
1502 1555 1557 1590 per
1582 1555 1699 1577 annum
1727 1543 1784 1578 ha-

1036 1591 1143 1626 buerat
1166 1592 1320 1625 inhabiles
1339 1591 1376 1626 ad
1400 1604 1614 1638 progressum,
1637 1593 1728 1627 cuius
1743 1593 1782 1627 ita

1037 1649 1204 1686 utrumque
1230 1640 1331 1675 femur
1357 1641 1569 1686 computruit,
1601 1641 1684 1688 quod
1714 1653 1785 1675 vcr-

1036 1690 1140 1724 mibus
1168 1689 1241 1723 inde
1276 1689 1477 1724 nascentibus
1511 1698 1577 1723 crat
1604 1690 1782 1737 expositum

1035 1738 1278 1772 corrodendum.
1306 1737 1452 1784 Cumque
1479 1738 1517 1772 ad
1552 1739 1653 1785 ipsum
1676 1747 1783 1773 tumu-

1036 1787 1099 1821 lum
1126 1786 1276 1833 suffragio
1303 1786 1413 1821 fuisset
1439 1787 1611 1821 amicorum
1641 1795 1781 1834 portata,

1036 1836 1108 1870 inde
1142 1847 1217 1870 sana
1244 1836 1274 1870 in
1299 1835 1427 1870 domum
1455 1836 1630 1879 revertitur,
1658 1844 1783 1871 susten-

1037 1885 1163 1920 tationis
1184 1884 1318 1919 alicuius
1347 1884 1489 1919 subsidio
1512 1897 1574 1920 non
1596 1885 1713 1920 adiuta.

1084 1934 1103 1981 g
1128 1935 1182 1967 16.
1205 1933 1338 1980 Insuper
1351 1934 1477 1981 quidam
1501 1933 1567 1978 fuit,
1590 1935 1643 1981 qni
1666 1942 1781 1969 tantam

1036 2031 1120 2079 quod
1144 2032 1193 2066 vix
1224 2043 1342 2066 cannae
1373 2033 1551 2078 grossitiem
1578 2032 1783 2075 excedebant,

1035 2089 1066 2115 et
1100 2081 1216 2115 idcirco
1252 2093 1309 2115 nec
1336 2081 1380 2116 ire
1416 2089 1554 2128 poterat,
1590 2093 1646 2116 nec
1681 2081 1782 2116 standi

1035 2130 1127 2164 etiam
1150 2141 1245 2176 super
1274 2141 1328 2164 eas
1361 2130 1495 2165 habebat
1520 2130 1657 2177 aliquam
1685 2130 1784 2165 facul-

1036 2186 1141 2219 tatem,
1173 2187 1203 2213 et
1224 2186 1330 2213 tamen
1356 2191 1390 2213 se
1416 2179 1455 2213 ad
1483 2180 1553 2214 eius
1579 2179 1783 2226 sepulchrum

1035 2227 1227 2274 appodians,
1259 2227 1401 2262 eiusdem
1439 2228 1604 2274 implorato
1637 2227 1785 2263 subsidio

1037 2284 1232 2315 reverenter,
1257 2278 1346 2323 prius
1368 2277 1495 2323 quidem
1520 2289 1580 2311 non
1603 2276 1722 2323 absque
1745 2277 1786 2311 ti-

1037 2337 1138 2365 more,
1160 2325 1213 2359 sed
1237 2325 1427 2371 procedente
1449 2334 1589 2373 tempore
1618 2325 1705 2360 tibiis
1732 2338 1785 2360 so-

1037 2374 1140 2408 lidatis
1171 2381 1203 2407 et
1234 2373 1272 2408 ad
1310 2373 1446 2408 debitam
1473 2375 1681 2421 quantitatem
1711 2387 1780 2421 per-

1036 2422 1150 2463 ductis,
1178 2422 1263 2456 omni
1299 2423 1509 2469 trepidatione
1535 2431 1665 2464 semota,
1688 2423 1785 2459 libere

1036 2480 1129 2518 atque
1152 2483 1262 2505 secure
1285 2472 1431 2518 perrexit.

1085 2521 1105 2567 g
1129 2522 1185 2554 t7.
1209 2519 1279 2554 Alia
1309 2532 1437 2567 quoque
1468 2520 1580 2555 mulier
1602 2520 1672 2565 suit,
1705 2534 1786 2569 quae

1038 2581 1204 2624 manuum,
1232 2568 1350 2616 pedum
1373 2578 1403 2604 et
1425 2569 1549 2615 linguae
1571 2577 1636 2604 erat
1655 2582 1786 2617 prorsus

1037 2618 1222 2653 imminente
1250 2618 1379 2665 paralysi
1408 2617 1509 2653 officio
1531 2618 1696 2661 destituta,
1729 2619 1785 2655 sed

1788 263 1838 288 An.
1852 261 1881 288 C.
1901 261 1967 287 ¹267

1805 1018 1913 1039 Mulierem
1949 1018 1975 1039 ab

1792 1048 1900 1070 oculorum
1922 1047 1976 1068 oali-

1793 1081 1841 1106 glne
1856 1079 1939 1100 liberat.

1811 1505 1877 1525 Atiam
1893 1504 1980 1530 pertibus

1797 1538 1927 1556 contractam
1948 1534 1981 1555 [e-

1797 1570 1855 1586 mor-0
1878 1565 1980 1592 putridam

1798 1595 1859 1616 saluti
1879 1596 1970 1615 restituit

1811 1948 1879 1969 Puero
1906 1949 1981 1969 solidi-

1798 1982 1861 1999 tatem
1877 1980 1909 1999 dat
1922 1978 1981 1998 tibi&

1776 2011 1782 2023 ⁷
1798 2016 1849 2030 rum.

1814 2532 1853 2553 Par
1856 2532 1884 2553 al
1886 2532 1947 2554 neos
1956 2537 1987 2550 sa-

1802 2566 1845 2583 nat.
