2129 3223
169 271 216 297 An.
236 272 263 298 C⁴
282 271 350 298 ¹¹⁹9

171 1140 271 1161 txnriueellzi
287 1139 341 1157 tan

160 1167 224 1187 Doleu
256 1171 276 1187 et
300 1165 341 1187 Tu-

160 1204 226 1218 ronen
265 1204 340 1219 tce-e—

171 1626 223 1650 Quid
265 1625 340 1646 'vtum

160 1660 184 1674 ,an
202 1655 226 1675 ab
239 1655 343 1676 lunoeeu-

159 1691 188 1706 ιιυ
198 1686 251 1712 Papa
260 1688 284 1706 ad
295 1692 340 1707 earu

159 1718 330 1743 componendam.

176 2540 250 2561 Partes
283 2542 343 2562 sudi-

163 2577 208 2595 ωε,
238 2574 340 2592 ratione·-

164 2608 202 2630 με·
219 2603 293 2623 allatae

415 264 484 296 1124

363 326 470 362 fideles
491 335 695 374 agnoscerent
715 327 799 375 quod
826 328 865 364 ad
893 329 997 376 ipsum
1027 339 1108 364 tam-

361 393 456 426 quam
483 381 520 416 ad
547 381 785 417 fundamentum
803 392 834 417 et
855 392 949 431 caput
975 385 1107 420 maiores

362 434 495 469 debeant
522 435 734 471 Ecclesiarum
757 449 869 472 causae
896 438 1014 476 referri,
1030 451 1106 485 qua-

361 496 453 523 tenus
473 489 558 535 quod
575 490 644 536 ipso
662 499 808 538 tanquam
831 503 846 525 a
881 493 981 538 capite
1017 494 1106 540 prin-

360 542 450 588 cipali
474 542 567 578 fuerit
588 544 770 579 auctoritate
791 553 954 585 statutum,
979 546 1018 581 ab
1038 547 1106 594 ipso

359 603 508 642 tanquam
534 597 564 630 in
593 597 797 633 fundamento
824 599 926 633 stabili
963 600 1105 635 firmitate

359 649 516 684 consistat.
540 650 638 686 Nobis
659 663 733 698 ergo
768 653 851 698 (qui,
879 653 948 687 licet
972 654 1104 701 indigni,

360 701 461 738 locum
485 704 552 738 eius
574 704 604 738 in
628 705 807 751 Apostolica
828 706 912 741 Sede
947 712 1104 744 tenemus)

360 756 513 792 incumbit
533 769 570 792 ex
591 757 697 793 debito
740 760 903 807 pastoralis
937 761 1029 796 officii
1067 763 1111 800 de.

360 811 524 846 universali
554 811 695 847 Ecclesia
730 813 875 849 scandala
915 815 1033 857 tollere,
1069 830 1104 852 ac

358 865 458 911 iurgia
489 877 639 906 resecare,
661 874 691 901 et
729 874 792 901 tarn
826 878 1022 915 emergentes
1066 871 1103 905 de

357 932 437 955 novo
460 921 678 967 quaestionum
695 921 855 966 articulos,
877 935 970 969 quam
994 936 1104 960 causas

357 974 396 1008 ab
421 975 550 1022 antiquo
571 982 726 1016 tractatas,
753 975 807 1010 sed
836 976 938 1011 adhuc
982 978 1011 1012 in
1048 991 1104 1013 an-

358 1030 462 1076 tiquae
488 1030 698 1064 contentionis
719 1024 877 1078 scrupulo
894 1043 1102 1073 remanentes,

358 1083 512 1119 iudicialis
540 1084 715 1119 sententiae
768 1084 890 1119 calculo
924 1086 1101 1121 terminare.

356 1138 440 1173 Inter
475 1146 612 1173 caeteras
646 1150 718 1173 vero
755 1150 865 1173 causas
900 1148 1018 1174 veteres
1068 1153 1103 1175 ac

357 1191 535 1235 modernas,
556 1200 646 1226 vetus
673 1191 722 1226 illa
750 1192 902 1238 quaestio,
924 1205 1004 1240 quae
1025 1194 1104 1229 inter

354 1246 514 1280 Turonen.
543 1254 573 1280 et
593 1245 706 1281 Dolen.
735 1245 893 1281 Ecclesias
916 1247 1102 1294 vertebatur,

355 1299 528 1334 Ecclesiam
552 1312 614 1334 non
642 1299 802 1334 modicum
832 1312 930 1348 usque
951 1301 989 1335 ad
1027 1302 1102 1338 ltaec

356 1353 506 1389 moderna
527 1361 667 1400 tempora
694 1353 911 1388 conturbabat:
943 1355 981 1389 ad
1008 1368 1100 1402 quam

356 1409 402 1443 vel
441 1407 624 1455 sopiendam
667 1407 847 1452 concordia,
892 1409 936 1443 rel
984 1409 1102 1446 iudicio

355 1460 600 1505 terminandum,
628 1469 697 1508 post
732 1460 845 1496 multas
880 1462 1102 1509 praedecesso-

355 1527 424 1550 rum
452 1523 629 1550 nostrorum
666 1514 842 1555 citationes,
876 1527 934 1550 nos
974 1517 1100 1554 tandem

355 1568 468 1604 dilecto
510 1568 573 1603 filio
612 1568 727 1603 loanne
764 1567 878 1603 Dolen.
918 1569 1017 1605 electo
1063 1572 1100 1606 ad

355 1623 469 1658 Sedem
500 1623 711 1670 Apostolicarn
753 1624 933 1663 accedente.
967 1627 1101 1662 termino

355 1677 480 1724 utrique
508 1677 642 1723 partium
669 1689 686 1712 a
708 1677 808 1712 bonae
829 1679 998 1714 memoriae
1025 1679 1099 1715 Coe-

355 1731 468 1766 lestino
494 1730 578 1777 Papa
602 1731 843 1778 praedecessore
871 1740 978 1766 nostro
1010 1746 1101 1780 prae-

355 1785 428 1825 fixo,
449 1797 522 1820 cum
543 1794 575 1819 tu
598 1785 723 1820 nonnisi
746 1787 879 1820 nuncios
906 1786 1010 1821 minus
1035 1788 1101 1823 suf-

354 1838 496 1873 ficienter
543 1839 714 1873 instructus
749 1851 805 1885 pro
846 1839 909 1873 sola
953 1840 1101 1876 dilatione

354 1892 486 1939 petenda
515 1892 664 1936 misisses,
687 1900 803 1939 partem
827 1894 1006 1934 citavimus,
1033 1895 1101 1929 Ec-

354 1945 466 1980 clesiae
491 1944 652 1979 Turonen.
677 1945 870 1987 mandantes,
895 1954 926 1981 ut
949 1947 1100 1995 quicquid

354 1999 394 2033 de
416 2007 445 2034 te
471 2011 672 2046 quocumque
695 2000 789 2034 modo
808 2001 1016 2047 contingeret,
1031 2014 1101 2049 pars

354 2052 464 2088 eadem
487 2065 541 2099 per
563 2065 606 2093 se,
631 2053 677 2088 vel
701 2066 756 2101 per
783 2063 1004 2101 procuratores
1026 2056 1101 2091 ido-

355 2119 432 2142 neos
458 2107 494 2141 ad
528 2107 744 2154 Apostolicam
772 2106 887 2143 Sedem
922 2108 1100 2153 accederet,

355 2168 479 2195 nostrae
509 2160 726 2208 dispositionis
757 2162 901 2202 formam,
935 2162 981 2198 vel
1005 2164 1101 2199 iustae

355 2214 550 2249 diffinitionis
582 2215 767 2250 sententiam
805 2224 975 2263 receptura.
1012 2217 1102 2252 Atio-

355 2269 431 2316 quin
459 2277 598 2304 extunc
637 2281 695 2304 nos
729 2269 766 2304 ad
806 2270 919 2305 horum
968 2271 1100 2306 alterurn

358 2322 527 2368 procedere
548 2335 741 2358 curaremus.
778 2323 870 2358 Dicto
906 2324 1000 2370 igitur
1037 2324 1102 2360 ele-

356 2384 405 2410 rto
432 2375 564 2416 Iuliano,
585 2375 724 2411 Rodulfo
745 2385 775 2411 et
792 2375 927 2424 Hugone
942 2378 1102 2412 canonicis

358 2429 467 2464 Dolen.
491 2442 563 2465 cum
590 2430 701 2465 litteris
722 2430 761 2465 de
784 2431 1002 2478 procuratione
1029 2432 1103 2478 ipsis

356 2494 450 2528 super
471 2484 528 2518 hac
554 2495 647 2518 causa
670 2484 848 2531 specialiter
888 2484 927 2518 ab
960 2484 1102 2520 Ecclesia

359 2534 468 2570 Dolen.
491 2537 649 2572 concessis
668 2565 676 2577 ,
703 2545 732 2572 et
753 2537 875 2572 dilectis
911 2537 982 2572 liliis
1015 2537 1103 2573 Gau—

359 2583 438 2618 l’rido
459 2585 655 2630 cancellario,
681 2586 846 2629 Senoreto,
882 2585 1008 2628 Ioanne,
1044 2587 1103 2622 Er-

359 2632 463 2668 naudo
494 2636 652 2670 canonicis
691 2635 849 2670 Turonen.
884 2645 914 2670 et
952 2635 1103 2671 Gaufrido

938 275 1123 297 BELLARtmt
1154 275 1222 297 ROH
1231 277 1242 296 t
1249 275 1313 297 NFM

1148 329 1186 363 de
1208 328 1342 373 loriaco,
1363 341 1435 364 cum
1456 329 1564 364 litteris
1586 329 1625 365 de
1652 329 1708 364 rati
1732 327 1893 362 habitione

1148 381 1227 416 datis
1249 383 1304 422 eis,
1329 391 1389 417 tam
1417 395 1432 418 a
1456 391 1496 424 te,
1523 395 1617 430 quam
1650 382 1790 418 Ecclesia
1823 380 1889 416 Tu-

1149 447 1256 470 ronen.
1288 438 1319 471 in
1353 446 1458 472 nostra
1494 437 1667 483 praesentia
1700 436 1892 480 constitutis,

1148 488 1326 535 frequenter
1347 503 1402 538 per
1428 503 1497 530 nos,
1521 491 1676 526 interdum
1704 490 1797 526 etiam
1838 502 1893 537 per

1148 542 1257 578 fratres
1282 553 1405 580 nostros
1431 545 1620 580 audientiam
1645 544 1768 591 plenam
1791 552 1822 579 et
1837 544 1893 579 be-

1148 595 1273 641 nignam
1296 598 1496 634 indulsimus:
1519 608 1549 633 et
1570 610 1650 645 quae
1672 597 1797 632 fuerunt
1818 598 1893 633 hinc

1147 648 1220 684 inde
1260 653 1417 700 proposita
1465 653 1675 688 intelleximus
1717 651 1891 698 diligenter.

1147 702 1218 739 Fuit
1244 715 1347 741 autem
1376 708 1570 754 propositum
1593 719 1631 741 ex
1658 715 1745 753 parte
1781 706 1890 742 Dolen.

1146 756 1317 800 Ecclesiae,
1355 761 1439 808 quod
1487 774 1558 796 cum
1600 760 1709 795 eadem
1754 760 1892 797 Ecclesia

1146 811 1329 859 longissimo
1358 824 1498 862 tempore
1521 815 1612 850 fuerit
1635 815 1666 849 in
1697 817 1893 861 possessione

1147 869 1392 915 metropoliticae
1413 869 1586 915 dignitatis,
1609 868 1689 903 sicut
1721 880 1758 903 ex
1797 870 1894 916 gestis

1145 923 1341 966 quorundam
1364 931 1568 967 sanctorum,
1602 931 1633 958 et
1665 923 1734 958 aliis
1766 923 1893 971 scriptis

1145 985 1294 1021 apparere
1316 977 1448 1013 dicebat:
1469 977 1592 1012 tandem
1607 988 1679 1011 cum
1695 977 1893 1024 temporibus

1147 1028 1245 1065 bonae
1273 1032 1443 1066 memoriae
1464 1030 1583 1066 Nicolai
1620 1030 1722 1078 Papae
1756 1031 1892 1078 praede-

1145 1084 1278 1118 cessoris
1300 1086 1396 1120 nostri
1419 1083 1600 1120 Festiniano
1628 1092 1701 1118 tuuc
1723 1084 1753 1118 in
1787 1084 1892 1120 archi-

1144 1137 1326 1184 episcopum
1351 1139 1461 1173 Dolen.
1483 1148 1638 1186 promoto,
1662 1150 1753 1173 usum
1774 1137 1861 1185 pallii
1875 1151 1891 1173 a

1144 1189 1227 1226 Sede
1248 1194 1428 1239 Apostolica
1457 1193 1652 1239 postulasset,
1701 1193 1773 1228 licet
1808 1192 1890 1227 idem

1144 1245 1291 1281 Nicolaus
1312 1247 1395 1294 quod
1425 1246 1598 1294 petebatur,
1626 1246 1653 1281 ei
1682 1258 1745 1281 non
1765 1246 1892 1282 duxerit

1144 1300 1391 1335 concedendum:
1427 1301 1499 1347 quia
1541 1300 1659 1335 litteras
1693 1300 1892 1347 Apostolicae

1143 1353 1246 1400 Sedis,
1268 1367 1346 1402 quas
1373 1356 1631 1402 praedecessores
1661 1356 1732 1390 eius
1758 1355 1891 1403 praede-

1143 1409 1320 1444 cessoribus
1371 1409 1468 1455 ipsius
1516 1408 1688 1444 Festiniani
1732 1410 1762 1444 in
1807 1409 1890 1457 pallii

1143 1462 1307 1498 collatione
1348 1463 1595 1504 transmiserant,
1630 1463 1657 1496 ei
1687 1475 1748 1498 non
1777 1464 1890 1500 l'ecerat

1143 1517 1344 1563 praesentari:
1384 1528 1445 1550 non
1486 1525 1589 1551 tamen
1616 1517 1700 1564 quod
1730 1518 1892 1565 petebatur

1143 1571 1266 1617 negavit
1298 1583 1458 1618 expresse.
1499 1570 1553 1605 sed
1582 1580 1684 1618 partes
1721 1574 1760 1608 ad
1801 1587 1889 1612 suam

1144 1626 1351 1672 praesentiam
1373 1626 1564 1660 convocavit:
1596 1627 1749 1663 mandans
1770 1629 1890 1667 Erardo

1143 1688 1216 1713 tunc
1267 1679 1502 1726 archiepiscopo
1553 1678 1712 1715 Turonen.
1773 1692 1806 1718 ut
1850 1687 1889 1721 ad

1143 1732 1244 1779 ipsum
1267 1745 1359 1767 snum
1383 1733 1518 1779 legatum
1547 1735 1782 1772 transmitteret:
1816 1751 1888 1775 cum

1142 1799 1205 1834 quo
1238 1796 1270 1821 et
1307 1787 1417 1822 Dolen.
1461 1787 1599 1823 Ecclesia
1638 1802 1712 1825 suos
1757 1795 1890 1831 nuncios

1143 1842 1323 1881 destinaret,
1366 1851 1398 1876 ut
1438 1843 1602 1889 utriusque
1642 1845 1751 1891 positis
1783 1860 1888 1885 coram

1143 1908 1180 1929 eo
1221 1907 1320 1942 aequa
1357 1895 1446 1929 lance
1478 1908 1572 1931 causa
1631 1896 1753 1943 librata,
1810 1914 1890 1949 qums¹

1143 1959 1223 1984 esset
1270 1949 1361 1984 sedes
1411 1951 1636 1996 metropolitica
1675 1953 1800 2000 plenius
1834 1970 1890 2004 ap-

1144 2011 1274 2049 pareret.
1311 2002 1444 2050 Scripsit
1490 2004 1583 2039 etiam
1615 2004 1696 2040 idem
1720 2007 1889 2055 Nicolaus,

1143 2057 1223 2091 sicut
1277 2069 1314 2091 ex
1365 2057 1544 2092 authentico
1599 2058 1698 2105 ipsius
1748 2074 1887 2110 apparet,

1142 2109 1303 2146 Salomoni
1347 2119 1421 2145 tunc
1469 2112 1532 2157 regi
1583 2111 1817 2159 Britannorum,
1858 2128 1889 2154 et

1144 2165 1230 2199 uxori
1272 2165 1351 2203 eius,
1391 2173 1422 2198 ut
1470 2165 1551 2200 idem
1590 2166 1788 2205 Festinianus
1819 2172 1888 2206 ido-

1144 2230 1237 2252 neum
1261 2218 1396 2252 mitteret
1429 2219 1467 2253 ad
1502 2218 1676 2256 Romanam
1715 2214 1886 2260 Ecclesiam

1143 2284 1180 2305 ex
1215 2272 1341 2318 proprio
1380 2274 1463 2307 clero
1506 2274 1652 2319 legatum:
1686 2277 1738 2323 qui
1771 2279 1886 2327 scripta

1144 2325 1213 2359 lidei
1253 2325 1425 2360 catholicae
1457 2326 1644 2363 documenta
1674 2329 1820 2377 deterret,
1857 2344 1887 2370 et

1143 2378 1289 2413 eumdem
1318 2379 1534 2416 Festinianum
1557 2383 1596 2417 ita
1617 2383 1743 2418 credere
1774 2393 1805 2421 et
1825 2399 1888 2422 ser-

1144 2444 1213 2466 vare
1235 2433 1274 2466 de
1297 2442 1418 2469 caetero
1441 2435 1614 2471 iuramento
1632 2436 1779 2474 firmaret:
1801 2442 1885 2487 quod

1143 2486 1201 2519 nisi
1226 2487 1362 2533 palleum
1385 2489 1412 2522 ei
1430 2489 1636 2536 disposuisset
1662 2503 1717 2537 per
1750 2493 1884 2529 eundem

1145 2538 1280 2585 legatum
1329 2543 1549 2587 transmittere,
1591 2555 1653 2578 non
1697 2545 1884 2581 mandasset.

1143 2587 1259 2623 Verum
1283 2590 1392 2625 eodem
1415 2591 1544 2626 Nicolao
1561 2592 1683 2627 sublato
1709 2593 1748 2628 de
1770 2596 1887 2638 medio,

1144 2650 1214 2671 rum
1229 2640 1334 2673 nuncii
1352 2640 1464 2674 Dolen.
1486 2640 1642 2676 Ecclesiae
1667 2642 1704 2677 ad
1728 2644 1886 2691 Apostoli-

1908 275 1958 299 An.
1973 272 2002 299 C.
2022 273 2087 299 1¹99
