2129 3223
46 247 94 273 An.
115 243 143 271 C.
159 245 224 271 tnta

51 448 137 476 Quoue·
153 450 221 470 confl-

39 480 129 501 tondum.

43 1224 142 1248 Ptol-su
152 1231 215 1247 cano—

32 1257 79 1278 nteo
93 1256 181 1282 eligutur
193 1257 213 1277 iu

32 1285 163 1306 nbi-ausum.

41 1705 170 1734 'insufficiens
179 1713 215 1734 do-

33 1743 138 1770 ponenda.

45 1999 130 2023 ΕΙοοιιο
162 2006 215 2029 quae

33 2032 143 2057 conlauda
157 2033 179 2052 οι
187 2030 216 2051 [ι-

32 2061 114 2082 cienda.

839 241 1050 264 issocexrttts
1071 241 1104 263 lV
1126 241 1172 263 ΙΨ.

239 311 333 341 rium,
366 298 447 333 sicut
474 296 626 331 videbitur
659 295 832 331 abbatissae
868 296 981 331 miseri-

237 347 372 383 corditer
399 346 608 392 dispensetur.
632 344 787 390 Tempore
814 357 886 380 vero
914 334 1003 399 ma'i

237 396 366 431 nil'estae
380 394 574 430 necessitatis
590 406 649 428 non
671 401 837 429 teneantur
858 406 981 429 sorores
1001 418 1002 429 i

237 445 352 480 ieiunio
385 443 552 490 corporali.
580 442 755 477 Duodecim
792 443 911 478 vicibus
942 440 1002 491 ad}

235 494 351 536 minus,
365 492 404 527 de
419 492 595 527 abbatissae
618 492 753 531 licentia,
771 492 982 526 confiteantur
1000 497 1002 535 ᾗ

235 543 264 577 in
286 554 380 578 anno.
405 541 443 575 Et
465 552 573 576 cavere
598 540 726 583 debent,
750 552 787 575 ne
803 540 861 575 alia
886 541 979 575 verba
1000 549 1002 553 ’

233 598 306 626 tunc
329 591 481 631 inserant,
503 590 561 625 nisi
585 601 665 636 quae
687 589 724 623 ad
748 589 979 623 consessionem
1000 580 1002 593 ¹

232 647 261 674 et
287 640 420 674 salutern
450 639 604 686 pertinent
630 638 818 672 animarum.
850 638 977 684 Septem

235 689 351 724 vicibus
377 687 624 728 communicent,
649 687 793 721 videlicet
816 687 844 720 in
862 686 979 721 Natiri-
999 700 1000 720 i

233 746 292 773 tate
333 737 479 777 Domini;
518 737 548 770 in
588 736 695 782 quinta
735 735 810 770 feria
853 736 980 770 maioris

232 785 462 826 bebdomadae;
496 785 526 819 in
559 784 801 819 Resurrectione
824 785 978 825 Domin0;

232 836 260 869 in
294 835 502 874 Pentecoste;
536 834 567 868 in
602 833 827 880 Assumptione
864 834 978 868 Beatae

231 884 386 929 Virginis3
419 883 448 917 in
476 883 555 917 sesto
588 882 696 917 Sancti
732 881 914 921 Francisci;
949 891 1000 917 et:

229 933 259 967 in
287 932 366 968 festo
388 931 542 966 Omnium
571 931 772 966 Sanctorum.
802 931 863 965 Pro
889 943 975 965 com-

230 981 427 1017 municandis
461 980 592 1015 infirmis
618 979 790 1023 sororibus,
819 980 979 1026 cappella-

230 1030 277 1065 nis
299 1030 384 1065 intus
405 1029 496 1065 liceat
518 1029 687 1064 celebrare.

532 1102 613 1138 Car.
638 1106 670 1136 li.

275 1174 312 1209 ln
339 1174 493 1210 electione
521 1173 696 1207 abbatissae
724 1180 887 1207 teneantur
915 1172 977 1206 l'or-

230 1234 311 1258 mam
355 1222 539 1258 eanonicam
582 1221 757 1256 observare.
804 1220 978 1255 procurent

230 1272 316 1318 ipsae
348 1271 464 1306 habere
498 1270 675 1317 generalem
704 1270 900 1309 ministrum,
929 1269 975 1303 vel

229 1320 451 1366 provincialem
486 1319 607 1354 ordinis
639 1319 768 1353 fratrum
806 1318 976 1358 Minorum‚

228 1369 282 1415 qui
305 1369 401 1404 verbo
427 1368 484 1403 Dei
506 1380 558 1402 eas
581 1368 726 1402 informet
754 1367 790 1401 ad
813 1367 976 1401 omnimo-

227 1418 298 1452 darn
314 1417 514 1453 concordiam
539 1425 569 1451 et
591 1427 791 1450 communem
809 1416 974 1450 utilitatem

228 1467 258 1501 in
271 1466 427 1501 electione
448 1465 649 1500 faciendam
665 1465 749 1499 nulla
772 1464 974 1509 eligatur-nisi
996 1462 998 1498 f

228 1514 379 1562 professa.
415 1514 456 1549 Et
490 1515 514 1549 si
542 1526 604 1549 uon
637 1513 774 1561 professa
796 1510 998 1559 eligeretiir,'

228 1563 274 1598 vel
302 1563 392 1598 aliter
413 1563 550 1604 daretur,
571 1563 598 1597 ei
625 1575 687 1598 non
711 1561 888 1602 obediatur,
918 1562 974 1595 nisi

227 1612 313 1658 prius
340 1611 525 1659 profiteatur
551 1611 681 1646 formam
706 1611 897 1658 paupertatis
921 1623 974 1645 ve-

226 1668 320 1697 strae.
343 1661 413 1703 Qua
435 1660 618 1701 decedente,
641 1660 751 1695 electio
773 1659 900 1693 alterius
924 1659 975 1693 liat

227 1709 412 1745 abbatissae.
435 1709 476 1744 Et
497 1710 521 1744 si
549 1710 654 1756 aliquo
676 1717 818 1755 tempore
839 1719 974 1755 appare-

228 1765 276 1793 ret
297 1759 490 1793 universitati
517 1770 671 1797 sororuni,
695 1757 882 1803 praedictam
913 1769 974 1790 non

228 1818 297 1841 esse
323 1807 532 1841 sufficientem
565 1807 602 1840 ad
631 1806 790 1840 servitium
819 1814 847 1839 et
881 1816 997 1847 com-1

229 1867 356 1890 munem
369 1855 532 1889 utilitatem
546 1855 696 1900 ipsarum,
713 1862 878 1888 teneantur
890 1865 975 1900 prae·
996 1859 997 1868 ¹

229 1904 328 1938 dictae
355 1916 491 1946 sorores7
512 1904 594 1937 iuxta
618 1903 748 1937 formam
772 1903 974 1949 praedictam,

229 1964 323 1999 quam
351 1953 445 1987 citius
472 1959 640 1998 potuerunt
666 1952 758 1986 aliam
781 1952 840 1985 sibi
871 1952 899 1984 iu
924 1951 976 1985 ab·

230 2001 375 2036 batissam
404 2009 433 2035 et
465 2008 595 2035 matrem
620 2000 742 2046 eligere.
770 2000 873 2034 Electa
903 2012 974 2034 vero

229 2050 344 2096 cogitet
370 2049 463 2096 quale
484 2061 564 2083 onus
587 2049 616 2082 in
645 2061 679 2083 se
699 2050 846 2095 suscepit,
873 2056 903 2083 et
925 2049 973 2082 eui

231 2098 387 2133 redditura
403 2106 449 2133 est
472 2098 624 2132 rationem
643 2097 682 2131 de
702 2109 796 2144 grege
815 2097 872 2131 sibi
893 2109 975 2131 com-

229 2147 336 2183 misso.
359 2147 491 2181 Studeat
512 2147 604 2181 etiam
626 2146 696 2180 aliis
718 2148 816 2192 magis
839 2158 974 2193 praeesse

229 2196 398 2231 virtutibus
431 2204 461 2230 et
488 2195 602 2229 sanctis
628 2195 785 2233 moribus,
816 2207 909 2242 quam
937 2204 995 2228 ext

228 2243 342 2288 officio,
365 2253 397 2280 ut
424 2245 493 2279 eins
514 2244 658 2290 exemplo
684 2252 868 2290 provocatae
890 2256 974 2278 soro·
994 2249 996 2276 ὲ

229 2305 278 2328 res
308 2294 412 2340 potius
437 2306 475 2328 ex
509 2304 615 2326 amore
645 2292 793 2326 obediant
814 2305 907 2339 quam
935 2293 995 2342 ti-¹

228 2353 325 2377 more.
350 2342 484 2377 Privatis
509 2340 671 2376 amoribus
696 2350 810 2381 careat,
838 2353 876 2376 ne
898 2341 972 2375 dum
994 2349 995 2374 t

230 2390 259 2424 in
289 2399 375 2438 parte
397 2391 468 2438 plus
489 2390 600 2435 diligit,
621 2389 650 2423 in
674 2398 770 2424 totum
792 2390 973 2424 scandalum
994 2409 995 2415 κ

227 2448 368 2484 generet.
401 2439 592 2474 Consoletur
624 2438 765 2473 afflictas.
800 2438 847 2473 Sit
879 2440 972 2474 etiam

231 2487 374 2523 ultimum
399 2488 553 2534 refugium
582 2486 745 2527 tribulatis,
761 2499 812 2530 ne,
839 2487 864 2522 si
891 2487 973 2535 apud

230 2546 298 2571 eam
321 2537 457 2572 remedia
479 2536 635 2571 defuerint
659 2536 838 2576 sanitatum,
860 2536 975 2583 despe-

229 2585 359 2620 rationis
381 2585 512 2620 morbus
527 2585 700 2632 praevaleat
716 2584 855 2618 infirmis.
876 2585 975 2620 Com-

1652 232 1723 264 575

1023 295 1207 331 munitatem
1235 305 1338 331 servet
1361 297 1391 332 in
1419 297 1580 342 omnibus,
1601 298 1771 345 praecipue

1021 352 1125 380 autem
1150 345 1181 379 in
1208 346 1351 385 ecclesia,
1373 346 1570 390 dormitorio,
1593 346 1769 390 refectorio,

1023 394 1192 429 infirmaria
1229 402 1260 429 et
1297 395 1500 430 vestimentis.
1538 395 1631 438 Quod
1669 397 1767 433 simili

1022 443 1116 477 modo
1144 455 1268 478 servare
1296 443 1364 478 eius
1391 444 1504 479 vicaria
1528 453 1681 481 teneatur.
1708 445 1768 481 Se-

1022 492 1082 526 mel
1111 492 1139 526 in
1174 492 1370 527 bebdomada
1406 493 1442 527 ad
1472 494 1576 529 minus
1610 495 1767 531 abbatissa
1794 501 1945 537 coenem„

1021 552 1146 575 sorores
1167 553 1239 575 suas
1261 549 1405 576 teneatur
1426 541 1464 576 ad
1487 543 1660 589 capitulum
1689 556 1766 580 con·
1781 532 1965 590 ffiiilifffi‘*

1023 601 1143 624 vocare.
1172 589 1231 624 Ubi
1261 598 1320 624 tarn
1351 591 1427 637 ipsa,
1455 603 1548 638 quam
1571 604 1706 633 sorores,
1729 593 1767 628 de

1021 638 1170 673 omnibus
1187 646 1217 673 et
1247 638 1378 685 publicis
1400 639 1527 674 offensis
1551 652 1581 675 et
1605 642 1768 689 negligen-

1021 687 1071 721 tiis
1098 687 1232 721 ‹lebeant
1260 687 1418 722 humiliter
1445 688 1598 724 confiteri.
1622 690 1660 725 Et
1687 703 1767 738 quae

1021 736 1178 770 tractanda
1202 744 1275 771 sunt
1306 748 1360 782 pro
1387 736 1520 772 utilitate
1546 746 1577 772 et
1604 738 1767 775 honestate

1022 785 1199 819 monasterii
1228 784 1343 820 ibidem
1371 786 1510 820 conferat
1548 799 1621 822 cum
1665 790 1768 823 omni-

1021 833 1078 867 bus
1115 833 1285 869 sororibus.
1325 833 1428 881 Saepe
1465 834 1549 869 enim
1592 835 1766 874 Dominus.

1020 882 1102 928 quod
1131 882 1245 918 melius
1270 890 1328 926 est,
1351 883 1464 918 minori
1489 884 1613 920 revelat.
1636 885 1766 921 Nullum

1020 931 1161 966 debitum
1197 944 1289 977 grave
1330 932 1398 972 liat,
1436 933 1494 967 nisi
1532 932 1571 967 de
1604 936 1765 970 communi
1794 940 1836 960 ΜΠ
1878 943 1964 962 ‘effin-

1019 992 1174 1015 consensu
1197 993 1353 1021 sororum,
1376 989 1406 1015 et
1428 982 1592 1017 manifesta
1620 984 1767 1019 necessi·
1780 971 1964 1021 iigdssamiiissiiiss

1021 1037 1092 1066 tate,
1125 1037 1153 1063 et
1186 1029 1245 1063 boc
1279 1042 1332 1075 per
1367 1038 1611 1076 procuratorem.
1651 1032 1766 1068 Caveat
1781 1032 1884 1056 ‘’mm’‘

1019 1087 1120 1112 autem
1145 1078 1298 1112 abbatissa
1336 1090 1408 1113 curn
1439 1080 1602 1115 sororibus
1623 1082 1701 1122 suis,
1729 1094 1768 1117 ne

1019 1125 1197 1172 depositum
1221 1126 1345 1174 aliquod
1370 1128 1535 1174 recipiatur
1558 1129 1586 1163 in
1608 1140 1767 1166 monaste-

1020 1175 1076 1209 rio.
1114 1175 1214 1221 Saepe
1245 1176 1326 1209 enim
1355 1176 1394 1210 de
1427 1177 1464 1211 iis
1505 1178 1699 1213 turbationes
1737 1187 1768 1214 et

1019 1224 1162 1258 scandala
1184 1224 1340 1259 oriuntur.
1364 1224 1412 1258 Ad
1440 1226 1687 1262 conservandam
1710 1240 1766 1263 au·
1793 1235 1900 1257 0¹⁵c¹³¹e⁵
1932 1236 1965 1256 d·-

1019 1281 1080 1307 tem
1106 1273 1255 1307 unitatem
1280 1281 1407 1308 mutuae
1429 1274 1605 1310 dilectionis
1626 1284 1656 1310 et
1683 1277 1767 1322 pacis
1781 1270 1864 1318 :ie-{2⁰⁶
1882 1266 1965 1291 ‘mm'

1019 1322 1057 1355 de
1079 1323 1238 1355 communi
1261 1334 1417 1357 consensu
1445 1323 1586 1358 omnium
1609 1336 1766 1368 sororum,

1018 1381 1129 1404 omnes
1156 1369 1302 1404 officiales
1325 1372 1506 1406 monasterii
1534 1372 1699 1418 eligantur.
1728 1373 1768 1408 Et

1786 243 1837 269 An.
1857 243 1885 270 C.
1902 243 1968 270 ¹253

997 1418 1129 1453 *eodem
1154 1419 1249 1453 modo
1278 1427 1350 1454 octo
1376 1419 1414 1454 ad
1444 1420 1550 1455 minus
1577 1433 1702 1456 sorores
1728 1423 1767 1457 de

1019 1466 1256 1502 discretioribus
1288 1468 1461 1515 eligantur,
1490 1482 1625 1516 quarum
1656 1470 1687 1505 in
1710 1471 1766 1514 iis,

1017 1527 1097 1562 quae
1111 1516 1209 1550 forma
1223 1517 1302 1551 vitae
1320 1526 1438 1552 vestrae
1454 1518 1594 1565 requirit,
1609 1518 1766 1554 abbatissa

1017 1576 1143 1611 semper
1182 1565 1224 1599 uti
1268 1565 1401 1600 consilio
1442 1574 1592 1602 teneatur.
1637 1568 1766 1604 Possint

1018 1614 1110 1647 ctiam
1138 1625 1263 1648 sorores
1294 1622 1324 1649 et
1351 1615 1486 1649 debeant
1507 1616 1532 1651 si
1560 1617 1606 1651 eis
1631 1618 1709 1652 utile
1736 1626 1766 1652 et

1018 1661 1190 1708 expediens
1213 1663 1366 1707 videatur,
1389 1663 1538 1699 officiales
1558 1672 1589 1700 et
1615 1665 1765 1701 discretas

1017 1711 1187 1757 aliquando
1214 1723 1386 1751 removere,
1421 1722 1451 1746 et
1477 1713 1552 1748 alias
1578 1713 1649 1748 loco
1679 1715 1766 1762 ipsa-

1018 1771 1084 1793 ruin
1109 1759 1234 1805 eligere.

1432 1837 1449 1846 u

1318 1834 1398 1869 Cap,
1430 1850 1462 1869 ο.

1793 1913 1881 1941 Tempus
1896 1918 1917 1935 et
1932 1914 1963 1934 ln-

1780 1951 1805 1966 ce
1819 1945 1906 1966 silentii.

1066 1903 1115 1937 Ab
1138 1904 1211 1938 hora
1234 1904 1438 1951 Completorii
1455 1919 1555 1954 usque
1570 1908 1607 1942 ad
1629 1909 1764 1944 Tertiam

1016 1964 1142 1987 sorores
1170 1952 1331 1988 silentium
1356 1961 1492 1995 teneant,
1527 1958 1666 2004 exceptis
1697 1970 1765 1993 ser-

1016 2001 1173 2035 vientibus
1188 2013 1272 2036 extra
1286 2004 1522 2039 monasterium.
1538 2005 1658 2041 Sileant
1671 2007 1763 2042 etiam

1015 2051 1163 2084 continue
1188 2050 1216 2084 in
1239 2051 1380 2092 ecclesia,
1402 2052 1600 2098 dormitorio,
1619 2062 1649 2089 et
1671 2056 1700 2090 in
1717 2068 1766 2090 re-

1017 2099 1145 2133 fectorio
1172 2107 1303 2140 tantum,
1325 2100 1401 2136 dum
1419 2102 1600 2141 comedunt,
1625 2113 1764 2150 praeter-

994 2159 1109 2197 }quam
1134 2148 1162 2182 in
1191 2148 1369 2189 infirmaria,
1393 2151 1423 2184 in
1451 2163 1511 2198 qua
1548 2164 1604 2198 pro
1638 2165 1764 2187 recrea-

1015 2198 1100 2231 tione
1122 2206 1152 2231 et
1166 2197 1294 2231 servitio
1308 2198 1514 2242 infirmarum,
1530 2200 1613 2247 loqui
1629 2201 1763 2236 discrete

1016 2256 1140 2292 semper
1173 2246 1336 2281 sororibus
1371 2247 1471 2282 liceat.
1510 2248 1633 2284 Possint
1669 2250 1761 2284 etiam

1015 2305 1141 2340 semper
1157 2303 1187 2328 et
1212 2294 1329 2340 ubique
1348 2295 1481 2331 breviter
1498 2296 1655 2332 submissa
1673 2310 1761 2339 voce,

1015 2342 1098 2388 quod
1124 2354 1252 2377 necesse
1273 2343 1367 2378 fuerit
1391 2345 1558 2380 insinuare.
1581 2346 1650 2381 Non
1670 2346 1762 2383 liceat

1016 2390 1176 2425 sororibus
1214 2391 1299 2438 loqui
1336 2392 1374 2426 ad
1413 2393 1599 2429 locutorium
1639 2395 1685 2431 vel
1721 2396 1759 2431 ad
1775 2395 1958 2447 liffefflfffflffgffi

1015 2448 1130 2474 cratem
1154 2440 1223 2474 sine
1252 2440 1375 2475 lieentia
1405 2441 1589 2484 abbatissae,
1618 2444 1667 2479 vel
1693 2445 1761 2480 eius
1775 2433 1957 2484 &oiissquesslssffl

1016 2488 1156 2523 vicariae.
1181 2488 1218 2523 Et
1242 2487 1416 2525 licentiatae
1443 2490 1480 2525 ad
1508 2490 1696 2528 locutorium
1719 2494 1762 2529 lo·

1015 2538 1069 2583 qui
1107 2549 1168 2571 non
1203 2537 1353 2578 audeant,
1388 2539 1445 2574 nisi
1479 2541 1698 2586 praesentibus
1729 2551 1761 2578 et

1015 2585 1216 2620 audientibus
1237 2586 1360 2622 duabus
1380 2589 1550 2624 sororibus.
1573 2590 1620 2624 Ad
1642 2599 1758 2628 cratem
