2129 3223
121 304 166 330 An.
187 304 213 329 C.
236 304 302 331 lton

156 2069 274 2090 Exordium.

372 294 439 328 10⁹2

656 357 724 392 XX.

317 437 463 481 Sequitur
507 435 548 468 ad
588 434 824 467 Lincolm'ensem
872 434 1066 477 episcopum,

365 487 501 530 aliosque
522 484 675 529 delegatos
693 483 873 528 apostolicos
901 493 960 526 pro
998 491 1068 513 exe-

365 535 483 568 cutione
508 534 769 578 superallatarum
795 532 954 566 literarum
984 531 1040 570 (ll.

586 613 799 646 SUMMARIUM

316 680 484 710 Exordium.
510 694 548 700 —-
580 677 655 713 Quid
671 682 767 708 actum
790 677 827 706 sit
853 685 919 706 cuni
955 675 1066 705 Ebora·

355 720 437 749 censi
465 717 697 756 archiepiscopo.
723 734 759 739 —
783 716 859 746 Viris
890 716 945 746 fide
969 716 1066 753 dignis

357 758 570 789 referentibus,
598 756 794 787 Eborac-ensis
817 765 955 785 excessus
990 764 1065 784 enu-

357 802 515 828 merantur.
538 814 576 819 —
611 797 770 826 Libertates
795 795 962 826 Ecclesiae.
993 804 1066 824 usus

357 843 385 868 et
419 837 668 868 consuetudines.
698 842 723 866 et
753 835 949 865 Romanorum
987 835 1065 864 Pon-

358 879 468 909 tificum
501 877 650 915 privilegia
683 877 746 914 ipsa
775 876 894 914 spernit.
926 892 963 897 —
1001 874 1067 904 Vio-

358 919 451 948 lenter
473 917 642 955 aggreditur
662 916 820 950 Ecclesias‚
843 919 871 944 et
892 915 960 944 inde
988 915 1067 944 elicit

357 967 432 998 quos
454 966 512 987 non
545 955 657 994 probat.
681 972 718 977 -
741 955 924 984 Eboracense
946 954 1065 993 capitul.

357 1002 457 1028 contra
470 995 599 1035 archiep.
616 1005 755 1025 excessus
771 995 804 1024 ad
819 994 924 1023 Sedem
938 994 1065 1031 Apostol.

357 1037 522 1077 appellavit.
558 1052 596 1058 -—-
631 1035 748 1064 ldoneis
772 1033 905 1073 personis
937 1033 1066 1070 relictis,

357 1078 458 1116 pueris
497 1081 525 1106 et
562 1075 727 1105 inhonestis
759 1074 893 1112 personis
919 1072 1066 1103 Ecclesias

358 1118 498 1154 assignat.
522 1132 560 1138 —-
580 1114 706 1144 Easdem
733 1115 820 1143 etiam
843 1122 894 1142 sua
920 1113 1066 1143 voluntate

359 1165 459 1187 vacare
477 1155 555 1189 facit,
578 1159 604 1184 et
627 1153 796 1184 earumdem
816 1151 929 1182 fructus
954 1153 1066 1182 retinet.

358 1213 395 1218 -—
419 1195 530 1225 Literae
563 1204 577 1224 a
608 1193 750 1223 pontifice
776 1192 860 1222 datae
889 1201 941 1231 pro
971 1193 1067 1231 inqui-

359 1235 448 1265 renda
470 1236 601 1265 veritate.
619 1250 656 1255 —
674 1232 706 1262 In
724 1232 833 1272 quibus
852 1232 927 1262 inter
945 1232 1000 1261 alia
1025 1232 1068 1261 in-

358 1279 480 1310 sertum,
499 1274 592 1304 famae
621 1272 756 1312 publicae
781 1272 1001 1307 attendendum,
1016 1271 1067 1301 ubi

358 1316 494 1345 deessent
516 1317 711 1344 accusatores.
739 1329 777 1333 —
796 1311 953 1341 Terminus
986 1320 1069 1347 prae-

359 1354 532 1385 sentationis
548 1352 682 1383 differtur
700 1357 727 1382 et
743 1351 900 1390 appellatio
919 1351 953 1380 ad
974 1350 1001 1380 S.
1018 1350 1069 1380 Se-

358 1395 423 1424 dem
457 1398 639 1431 prorogatur.
673 1409 710 1415 -ε-
744 1392 785 1420 Ad
818 1396 947 1420 octavam
975 1400 1068 1429 usque

357 1434 434 1464 beati
448 1433 571 1469 Martini,
581 1442 638 1471 qua
651 1435 806 1465 transacta,
818 1432 847 1460 in
860 1431 988 1468 archiep.
1006 1439 1068 1469 pro-

359 1473 524 1503 cedendum
547 1472 672 1502 ordinat.
701 1488 738 1493 —
760 1469 910 1500 Sententia
944 1479 1070 1508 suspen-

359 1513 452 1543 sionis
470 1514 499 1543 in
523 1521 590 1542 eum
613 1511 678 1541 lata.
701 1527 739 1532 —-
757 1509 923 1539 Praemissa
951 1519 965 1539 a
989 1510 1069 1539 iudi-

360 1552 444 1583 cibus
476 1556 592 1592 peracta
632 1550 797 1580 confirmat.
836 1566 873 1572 ——
909 1548 1071 1579 Canonicos

360 1592 640 1627 excommunicatos,
658 1595 686 1621 et
703 1590 776 1620 alios
795 1589 831 1619 ad
854 1589 999 1619 cautelam
1020 1588 1071 1618 ab—

360 1632 434 1662 solvi
454 1631 580 1661 mandat.
597 1647 634 1652 =
650 1628 795 1659 Omnibus
811 1628 1072 1659 excommunicatis

359 1673 410 1712 qui
426 1672 456 1702 in
471 1671 595 1701 clericos
612 1670 754 1700 violentas
770 1669 941 1699 iniicierunt
957 1677 1071 1698 manus.

321 1747 487 1776 coelestinus
506 1746 647 1782 episcopus
670 1751 766 1779 servus
784 1750 924 1773 servorum
951 1744 1009 1777 Dei,
1029 1751 1074 1773 ve=

365 1795 480 1825 nei-abili
498 1795 584 1825 fratri
603 1794 778 1824 Lincotntonst
795 1794 931 1830 episcopo.
956 1795 986 1823 et
1006 1793 1074 1822 dile=

366 1846 419 1876 otis
436 1845 503 1875 tuiis
522 1844 710 1875 archidiacono
732 1845 765 1874 de
801 1843 1014 1880 northamptun.
1047 1844 1076 1872 et

365 1895 453 1933 priori
471 1897 504 1925 de
522 1894 604 1924 Ponto
639 1895 745 1927 sancto.
766 1894 885 1923 salutem
905 1894 934 1922 et
969 1894 1075 1929 aposto-

366 1946 448 1974 licam
471 1945 695 1974 benedictionem.

373 2017 457 2053 Cum
504 2024 700 2052 sacrosancta
763 2015 906 2050 Romana
934 2014 1075 2049 Ecclesia

324 2080 421 2114 super
450 2066 612 2102 immobile
654 2065 906 2106 fundamentum,
939 2063 1075 2110 lapidem

325 2117 445 2152 scilicet
485 2115 667 2162 angularem
708 2122 739 2149 et
783 2125 890 2148 verum
923 2120 1076 2159 perpetua

326 2170 493 2206 stabilitate
539 2168 664 2203 fundata
706 2167 742 2201 de
778 2179 811 2202 se
845 2168 910 2214 ipsa
951 2167 1078 2201 veritate

327 2225 466 2260 dicente:
496 2223 600 2270 Super
633 2222 714 2256 hanc
749 2229 868 2268 petram
906 2219 1078 2255 aedificabo

327 2278 504 2314 Ecclesiam
526 2289 641 2320 meam,
666 2289 721 2324 per
743 2275 827 2310 beati
851 2274 932 2310 Petri
967 2273 1078 2309 merita

329 2331 541 2367 Ecclesiarum
593 2331 735 2364 omnium
786 2330 1005 2376 magisterium
1047 2335 1078 2363 et

331 2386 500 2432 primatum
548 2384 585 2419 ad
633 2383 810 2431 principem
860 2382 1078 2430 apostolorum

330 2438 467 2474 Domino
489 2437 679 2485 postulante.
709 2437 735 2472 si
769 2436 873 2483 diligis
907 2447 958 2471 me
988 2447 1081 2483 pasce

331 2504 404 2526 oves
426 2503 523 2532 meas,
542 2499 572 2526 et
594 2502 658 2525 non
681 2489 782 2525 solum
806 2501 988 2536 corporum,
1025 2489 1080 2524 sed

332 2547 424 2580 etiam
453 2545 629 2580 animarum
658 2544 852 2579 iudiciariam
876 2542 997 2590 accepit
1029 2555 1083 2590 po-

333 2606 494 2638 testatem,
516 2598 628 2634 eodem
676 2597 890 2646 apostolorum
938 2596 1082 2645 principe

369 2674 408 2705 (l)
423 2672 462 2700 Ex
483 2673 571 2700 Concil
588 2694 594 2705 ‚
615 2678 680 2701 torn.
702 2681 762 2705 xm,
781 2672 831 2700 col.
853 2672 913 2700 70⁴2.

915 300 1014 323 BELLA
1021 300 1100 323 turm
1124 298 1286 321 ROMANUM

1109 352 1257 388 audiente
1280 364 1296 386 a
1325 350 1478 386 Domino:
1515 349 1748 396 Quodcumque
1779 348 1858 394 liga-

1112 402 1192 437 veris
1214 413 1308 448 super
1334 409 1462 439 terram,
1484 400 1544 435 erit
1565 399 1693 446 ligatum
1722 398 1750 432 in
1777 410 1858 432 coe—

1110 452 1158 486 lis:
1200 453 1243 494 (l)
1285 463 1342 485 nos
1376 462 1455 497 quos
1483 461 1544 484 non
1581 449 1705 495 propria
1736 448 1857 489 merita,

1110 500 1164 536 sed
1206 500 1271 535 sola
1306 499 1414 535 divina
1452 498 1610 533 miseratio
1651 497 1688 531 ad
1733 497 1856 531 Summi

1110 550 1314 585 Pontilicatus
1335 549 1455 596 apicem
1478 547 1638 587 evocavit,
1678 547 1702 581 si
1743 546 1856 581 iudicia

1110 607 1215 634 nostra
1243 606 1323 634 recta
1345 598 1506 638 volumus,
1528 605 1561 631 et
1580 595 1708 643 provida
1735 595 1857 631 delibe-

1110 650 1228 684 ratione
1254 648 1399 688 i‘ormare,
1421 654 1452 682 et
1479 653 1630 693 potestate
1657 645 1748 681 nobis
1787 653 1856 680 tra·-

1108 698 1171 733 dita
1201 710 1262 733 non
1290 697 1388 734 abuti.
1418 696 1503 731 illius
1530 694 1683 730 debemus
1703 702 1855 742 quantuni

1109 748 1243 782 humana
1273 746 1425 793 permittit
1446 744 1595 791 fragilitas
1628 744 1768 790 exempla
1800 756 1857 777 se—

1108 797 1243 837 ctari‚in
1272 808 1335 843 quo
1374 795 1474 830 Sedes
1506 794 1687 839 Apostolica
1728 793 1856 828 fundata

1108 846 1260 890 consistit.
1288 854 1317 880 et
1340 858 1356 879 a
1379 857 1442 891 quo
1468 851 1660 879 caeterarum
1695 842 1857 877 Ecclesia—

1109 908 1177 930 rum
1205 907 1311 931 curam
1337 894 1494 941 suscepit,
1537 901 1567 928 et
1609 891 1724 939 ligandi
1763 899 1858 938 atque

1108 945 1246 980 solvendi
1279 942 1508 991 plenitudinem
1554 941 1725 989 potestatis:
1759 943 1856 975 mira-

1109 995 1179 1029 bilis
1206 995 1289 1029 enirn
1309 1005 1405 1040 super
1426 992 1531 1027 omnia
1557 991 1656 1030 Deus,
1679 999 1709 1026 et
1730 991 1855 1025 inscru-

1108 1044 1210 1078 tabilis
1237 1043 1332 1078 divini
1361 1041 1481 1077 consilii
1516 1040 1658 1080 altitudo,
1694 1040 1767 1075 licet
1807 1041 1854 1074 in=

1108 1091 1402 1139 comprehensibilia
1442 1092 1507 1126 siut
1553 1089 1665 1124 iudicia
1708 1091 1788 1129 eius,
1824 1097 1855 1123 et

1108 1141 1342 1188 investigabiles
1367 1140 1434 1175 viae
1461 1140 1572 1185 ipsius,
1610 1138 1728 1186 aliquid
1750 1146 1854 1172 tamen

1109 1203 1146 1226 ex
1166 1192 1224 1232 liis,
1247 1202 1328 1238 quae
1355 1190 1386 1224 in
1408 1188 1609 1223 inferioribus
1632 1196 1791 1235 operatur,
1812 1188 1857 1221 sic

1110 1248 1192 1275 recte
1218 1239 1445 1286 conspicimus,
1467 1237 1570 1281 nobis,
1596 1244 1627 1272 et
1654 1238 1724 1272 aliis
1743 1236 1858 1272 Eccle-

1109 1290 1226 1325 siarum
1246 1288 1392 1336 praelatis
1419 1288 1449 1322 in
1476 1286 1574 1322 forma
1611 1286 1720 1321 iudicii
1755 1286 1858 1320 innuit

1109 1338 1308 1379 imitandum,
1342 1338 1396 1384 qui
1438 1348 1510 1372 cum
1545 1335 1682 1370 sterilem
1715 1334 1869 1370 arborem·

1110 1388 1149 1422 de
1177 1389 1264 1422 vinea
1289 1400 1344 1422 sua
1367 1388 1450 1421 iuxta
1472 1385 1550 1420 illud
1572 1384 1734 1431 Evangelii
1770 1395 1860 1430 prae-

1111 1438 1229 1484 ceperit
1255 1435 1477 1474 scindendam,
1502 1447 1541 1469 ne
1575 1443 1688 1469 terram
1727 1433 1859 1468 fertitem

1111 1494 1292 1533 occuparet,
1314 1484 1476 1533 praemisit
1502 1483 1634 1518 dicens:
1677 1482 1763 1518 Ecce
1797 1492 1860 1518 tres

1112 1536 1183 1570 anni
1205 1543 1279 1570 sunt
1299 1547 1337 1569 ex
1359 1546 1422 1581 quo
1443 1533 1536 1568 venio
1556 1544 1711 1579 quaerens
1723 1532 1859 1567 fructum

1113 1585 1143 1619 in
1173 1584 1305 1619 ficulnea
1328 1583 1396 1623 hac,
1424 1590 1454 1618 et
1481 1594 1542 1617 non
1570 1582 1705 1616 invenio:
1733 1580 1862 1616 succide

1113 1646 1188 1680 ergo
1210 1633 1294 1668 illam
1317 1636 1373 1677 (2).
1404 1631 1473 1667 Hoc
1511 1631 1666 1676 siquidem
1701 1642 1770 1670 nos,
1792 1631 1861 1665 licet

1114 1683 1246 1723 nemini,
1269 1682 1324 1717 sed
1356 1682 1511 1716 humanae
1545 1679 1720 1726 fragilitatis
1753 1679 1862 1714 subia-

1115 1739 1222 1768 centes
1243 1730 1429 1770 defectibus,
1451 1730 1531 1765 intra
1555 1741 1612 1764 nos
1636 1730 1722 1777 ipsos
1736 1728 1861 1764 assidua

1116 1781 1319 1816 meditatione
1338 1788 1515 1828 pensantes,
1543 1779 1657 1813 auditis
1681 1777 1864 1814 excessibus

1115 1830 1325 1866 Eboracensis
1363 1830 1523 1876 episcopi,
1561 1836 1591 1863 et
1617 1827 1657 1863 de.
1698 1827 1864 1862 inhonesta

1118 1881 1189 1920 vita,
1213 1887 1244 1914 et
1265 1879 1303 1914 de
1328 1878 1430 1913 inutili
1458 1878 1695 1913 conversatione
1721 1876 1789 1911 eius
1811 1889 1865 1911 ru-

1118 1928 1258 1964 moribus
1285 1930 1316 1963 in
1339 1935 1443 1963 nostra
1477 1936 1508 1963 et
1534 1927 1663 1962 fratrum
1686 1935 1864 1961 nostrorum

1117 1978 1274 2013 audientia
1311 1978 1464 2018 recitatis,
1512 1988 1575 2011 non
1617 1976 1721 2011 statim
1743 1974 1866 2010 forma-

1118 2028 1220 2062 vimus
1242 2027 1395 2062 iudicium
1417 2034 1525 2062 contra
1546 2038 1632 2066 eum,
1654 2024 1708 2060 sed
1723 2024 1867 2071 exemplo

1120 2076 1212 2117 itlius,
1240 2077 1331 2111 cuius
1369 2076 1584 2111 miserationes
1615 2087 1709 2121 super
1746 2080 1866 2109 caetera

1119 2138 1212 2173 opera
1239 2127 1320 2169 eius,
1345 2133 1377 2160 ut
1412 2125 1525 2160 sterilis
1567 2124 1658 2158 arbor
1702 2123 1868 2171 pullularet

1120 2174 1150 2209 in
1190 2175 1326 2215 fructus,
1359 2183 1389 2210 et
1429 2176 1566 2221 vigorem
1609 2174 1764 2220 reciperet
1806 2172 1867 2206 iam

1119 2229 1282 2267 amissum,
1306 2241 1367 2262 non
1416 2227 1542 2262 modico
1579 2227 1732 2276 temporis
1768 2226 1869 2273 spatio

1120 2282 1157 2316 ad
1180 2283 1407 2317 correctionem
1436 2282 1535 2329 ipsius
1567 2281 1785 2328 multiplicatis
1817 2278 1870 2314 lit—

1122 2336 1195 2370 teris
1218 2346 1245 2371 et
1275 2336 1427 2371 mandatis
1450 2347 1512 2370 uon
1527 2335 1706 2370 destitimus
1716 2333 1869 2375 laborare,

1122 2404 1206 2428 nunc
1233 2390 1368 2426 eumad
1398 2390 1480 2425 viam
1502 2389 1611 2424 salutis
1651 2388 1768 2423 nostris
1801 2399 1871 2422 mo-

1124 2445 1196 2481 nitis
1220 2453 1412 2488 revocantes,
1439 2455 1526 2479 nunc
1555 2455 1610 2490 per
1642 2440 1871 2477 interminatio-

1124 2511 1194 2534 nem
1217 2498 1435 2545 suspensionis
1461 2496 1552 2532 officii
1580 2504 1610 2531 et
1637 2494 1780 2531 beneficii
1814 2494 1871 2529 de-

1123 2561 1275 2588 terrentes
1301 2551 1341 2587 ab
1364 2551 1536 2599 iniquitatis
1567 2562 1643 2586 suae
1675 2550 1797 2585 semitis
1842 2556 1873 2583 et

1124 2607 1238 2643 erroris
1259 2607 1338 2642 sicut
1358 2605 1456 2647 vobis,
1483 2606 1537 2653 qui
1568 2612 1662 2639 totam
1689 2604 1732 2639 rei
1758 2602 1871 2639 seriem

1161 2673 1200 2707 (1)
1221 2672 1312 2699 Matth.
1341 2680 1407 2704 xvi,
1435 2672 1506 2699 Ioan.
1527 2677 1586 2698 xxi.
1625 2670 1666 2705 (Ξ)
1689 2669 1751 2697 Luc.
1771 2676 1829 2697 xm.

1873 291 1922 319 An.
1941 291 1968 318 C.
1990 291 2054 318 ll9lt

1888 1642 1942 1670 Quid
1953 1645 2022 1663 actum
2032 1643 2059 1662 sit

1875 1679 1922 1695 cum
1932 1672 2059 1693 eboracensi
2110 1689 2117 1697 ,

1876 1705 2046 1732 archiepiscopo.
