2129 3223
120 279 168 304 An.
187 277 215 303 c.
232 279 299 305 ¹190
363 269 408 299 ‘³8

314 337 365 372 bet
393 333 584 381 praesidium
607 332 771 380 impertiri,
806 344 845 368 ne
883 332 963 368 forte
1002 344 1059 368 cn—

313 385 439 420 iuslibet
465 383 646 418 temeritatis
681 382 837 426 incursus,
875 390 928 417 aut
960 394 1014 418 eas
1042 394 1058 417 a

312 433 472 482 proposito
499 440 633 476 revocet,
654 440 708 467 aut
733 431 841 473 robur,
854 431 938 479 quod
967 431 1058 475 absit,

311 495 418 518 sacrae
450 481 615 529 religionis
653 482 823 527 infringatz
850 493 884 516 ea
921 490 1058 528 propter,

311 534 443 568 dilectae
464 532 496 567 in
533 531 661 567 Christo
693 531 784 569 filiae,
820 532 929 566 vestris
968 532 1058 566 iustis

311 581 575 630 postulationibus
601 580 772 616 clementer
810 581 991 618 annuimus.
1027 589 1057 614 et

113 634 273 687 ἷξῦξζξξζῇᾒῗ
311 632 483 675 praefatum
511 631 736 666 monasterium
773 631 807 665 S.
843 630 983 665 Thomae
1017 630 1056 664 de

114 673 171 717 »ἐξ
204 673 293 724 affin&
310 681 513 725 Erlesburen,
541 681 572 715 in
595 693 658 727 quo
680 680 788 714 divino
814 680 888 714 estis
902 679 1056 727 obsequio

153 732 512 777 ‘1³³¹*³*³¹¹⁵⁷n1ancipatae.
535 729 596 764 sub
642 729 722 764 beati
766 729 851 764 Petri
886 737 917 764 et
950 738 1055 764 nostra

309 781 502 826 protectione
548 779 762 826 suscipimus,
805 789 835 813 et
882 779 1055 824 praesentis

307 830 414 877 scripti
437 829 599 876 privilegio
625 828 871 867 communimus,
890 828 922 862 in
946 828 1055 874 primis

109 878 290 935 '<s..·='}¹2;ni³sn¹‚²‡
306 879 463 926 siquidem
485 886 668 915 statuentes.
688 886 720 912 ut
748 877 825 912 ordo
848 878 1052 918 monasticus,

108 945 290 963 uernum„-
306 930 359 975 qui
381 928 557 964 secundum
585 926 686 962 Deum
705 936 736 961 et
769 926 851 961 beati
890 926 1051 963 Benedicti

306 979 455 1025 regulam,
478 986 570 1024 atque
593 976 821 1011 institutionem
860 974 1053 1012 Cistercien-

306 1028 388 1063 sium
412 1028 541 1062 fratrum
567 1027 597 1060 in
617 1026 728 1060 eodem
756 1026 945 1060 monasterio
968 1026 1052 1061 insti-

305 1086 390 1112 tutus
424 1088 492 1111 esse
514 1076 719 1122 dignoscitur.
748 1074 910 1121 perpetuis
935 1074 1050 1111 ibidem

304 1126 498 1172 temporibus
520 1124 741 1160 inviolabiliter
762 1124 956 1158 observetur.

352 1176 515 1211 Praeterea
554 1185 770 1221 quascumque
813 1173 1049 1220 possessiones,

303 1237 523 1272 quaecumque
545 1224 625 1258 bona
653 1223 737 1258 idem
764 1223 990 1258 monasterium
1018 1224 1048 1258 in

303 1276 549 1321 praesentiarum
578 1274 659 1308 iuste
681 1281 710 1307 et
729 1272 879 1307 canonice
898 1272 1048 1319 possidet.

300 1332 353 1359 aut
393 1325 423 1358 in
462 1323 602 1358 futurum
638 1330 690 1356 etc.
731 1321 875 1368 poteritis
901 1321 1047 1369 adipisci.

300 1373 388 1408 firma
408 1372 498 1407 vobis
520 1380 549 1406 et
576 1372 633 1410 eis,
672 1382 751 1418 quae
789 1369 878 1404 vobis
919 1383 1048 1406 succes-

299 1423 408 1462 serint,
432 1431 462 1456 et
488 1421 603 1455 illibata
628 1427 844 1467 permaneant:
872 1419 902 1453 in
931 1419 1049 1466 quibus

299 1472 376 1506 haec
402 1470 537 1518 propriis
562 1469 710 1504 duximus
731 1468 935 1515 exprimenda
960 1481 1048 1504 voca-

299 1521 392 1555 bulis.
417 1521 536 1555 Locum
566 1520 671 1566 ipsum
706 1518 736 1552 in
775 1530 838 1564 quo
873 1518 1044 1564 praefatum

300 1570 523 1605 monasterium
561 1570 655 1602 situm
699 1575 757 1610 est,
792 1579 864 1601 cnm
899 1567 1046 1602 omnibus

299 1621 366 1654 suis
390 1619 597 1666 pertinentiis,
620 1625 718 1651 terras
740 1624 767 1649 et
796 1616 932 1653 usuaria,
967 1629 1045 1663 quae

299 1668 498 1704 Ludewicus.
535 1667 592 1702 loci
633 1666 723 1700 vestri
766 1665 928 1707 fundator⁷
963 1666 1044 1712 apud

299 1718 506 1753 Erlesburen.
545 1715 734 1750 monasterio
769 1722 870 1749 restro
907 1715 1045 1759 donavit,

299 1780 370 1802 cum
394 1766 542 1801 omnibus
564 1777 671 1800 earum
701 1763 910 1811 pertinentiis:
939 1764 1044 1810 inspa-

300 1826 441 1852 tronatus
462 1815 623 1850 Ecclesiae
650 1814 688 1848 de
714 1812 894 1852 Dudeui'elt,
913 1821 942 1847 et
958 1813 1044 1859 quid·

298 1866 373 1913 quid
398 1865 517 1900 habetis
539 1864 568 1898 in
591 1863 669 1898 locis
694 1862 732 1897 ad
756 1863 854 1909 ipsam
882 1862 1045 1908 pertinen-

299 1915 392 1951 tibus:
416 1927 537 1954 nemus,
565 1912 649 1960 quod
678 1912 792 1946 dicitur
830 1911 1043 1958 Wylresawen

299 1977 370 2000 cum
394 1963 590 2012 pertinentiis
612 1962 689 2005 suis.
706 1961 933 2008 possessiones.
967 1973 1044 2008 quas

298 2014 512 2050 Theodericus
533 2012 571 2047 de
593 2011 722 2049 Rulant‚
750 2023 811 2045 una
846 2022 918 2044 cum
946 2019 1044 2045 matre

298 2073 326 2099 et
349 2062 578 2099 cohaeredibus
615 2061 690 2098 suis.
731 2059 818 2095 vobis
852 2060 978 2094 donatii
1015 2061 1043 2094 in

298 2115 392 2161 agris,
414 2115 444 2148 in
473 2113 582 2160 pratis,
617 2111 646 2145 in
676 2110 778 2157 plano.
813 2118 843 2144 et
883 2109 977 2143 bosco
1014 2119 1044 2145 et

297 2164 364 2198 aliis
385 2163 451 2198 suis
473 2161 682 2209 pertinentiis.
702 2167 811 2202 teri-as,
845 2158 968 2202 domos,
998 2159 1044 2192 vi-

298 2225 384 2248 neas,
418 2224 520 2258 agros.
555 2222 634 2258 quas
668 2208 790 2244 habetis
822 2208 852 2242 in
886 2207 1044 2252 Ratheca‚

298 2263 422 2300 l'rteca,
445 2260 609 2296 Wiihlica.
627 2258 784 2301 Embilda,
805 2270 877 2292 cum
895 2256 1044 2292 omnibus

300 2312 496 2358 pertinentiis
516 2311 594 2344 suis.

347 2361 454 2395 Liceat
479 2371 606 2407 quoque
633 2358 722 2392 vobis
749 2369 898 2404 personas
932 2355 1045 2391 liberas

117 1224 213 1252 Panaque
244 1232 286 1246 ²5:-

104 1263 137 1276 31³.
152 1258 219 1277 eidem
234 1263 287 1278 cen-

116 2379 238 2400 *stnishhus
254 2375 270 2393 l]

106 2407 283 2466 ᾞὶζζῑωψξζζ
300 2420 328 2445 et
358 2409 518 2445 absolutas
544 2422 561 2444 e
587 2407 713 2443 saeculo
741 2407 895 2453 fugientes
915 2405 953 2440 ad
972 2417 1045 2440 con-

105 2460 475 2501 vesamum-versionem
517 2459 666 2505 recipere.
697 2456 907 2491 prohibemus
940 2463 1043 2490 autem

104 2509 157 2558 ἓι’ζ“Γ
179 2502 284 2528 'mmm'
303 2518 334 2543 nt
357 2508 433 2542 nulli
460 2520 602 2543 sororum
623 2514 806 2543 vestrarum.
830 2517 900 2552 post
932 2506 1043 2540 factam

303 2559 332 2592 in
365 2558 555 2592 monasterio
587 2565 691 2591 vestro
726 2554 965 2603 professionem,
1000 2554 1044 2589 sas

123 2604 148 2624 *ὓ
170 2608 194 2622 ‘²⁰
223 2604 285 2621 '⁰¹⁶⁹'
301 2607 339 2641 sit
387 2606 505 2653 absque
537 2606 703 2653 priorissae
737 2616 813 2639 suae
844 2603 970 2638 licentia
1006 2602 1044 2637 de

106 2636 187 2654 resedi
202 2633 285 2653 omnino

106 2664 209 2687 :umber

886 278 1023 301 BtLLAtu
1029 278 1072 300 [Μ
1107 278 1268 301 noxum-u

1862 279 1914 307 An.
1930 279 1960 306 C.
1976 280 2044 307 ¹¹⁹0

1101 345 1173 368 vero
1194 332 1311 380 absque
1334 333 1552 368 communium
1575 333 1736 369 literarum
1769 345 1846 370 cau-
1860 333 1970 387 num-''¹²¹'’
2004 343 2043 358 ⁸¹-

1100 383 1196 422 tione‚
1223 381 1329 417 nullus
1348 382 1461 418 audeat
1478 382 1625 422 retinere,
1640 383 1847 432 paciquoqne
1860 371 1913 418 1³:⁵2.
1926 370 2044 425 1:2⁰?ss

1099 440 1129 466 et
1155 431 1372 479 tranquillitati
1400 440 1522 467 vestrae
1555 440 1683 478 paterna
1720 432 1754 468 in
1783 428 2042 482 ρο-ῗζξίἀεᾟξξξιω

1099 489 1217 516 sterum
1255 480 1470 517 sollicitudine
1504 481 1668 529 providere
1693 481 1846 522 volentes.
2019 476 2024 480 “

1098 530 1280 566 auctoritate
1325 530 1495 578 apostolica
1549 530 1766 579 prohibemus,
1814 540 1847 567 ut

1098 580 1176 614 intra
1199 579 1362 616 clausuras
1388 580 1534 616 locorum
1560 587 1737 616 vestrorum
1773 581 1846 616 nul-

1097 630 1145 664 lus
1173 629 1352 665 violentiam
1374 630 1423 664 vel
1449 630 1602 678 rapinam,
1628 641 1684 664 seu
1727 630 1844 666 furtum

1097 678 1197 714 facere
1218 687 1337 715 temere
1361 679 1477 714 audeat
1496 679 1544 714 vel
1567 687 1758 727 praesumat.

1146 728 1355 764 Decernimus
1388 741 1476 776 ergo,
1523 737 1555 762 nt
1598 727 1673 763 nulli
1714 728 1845 764 omnino

1097 777 1261 813 hominum
1283 778 1375 814 liceat
1412 777 1586 826 praefatum
1621 778 1842 813 monasterium

1096 836 1214 863 temere
1236 827 1422 875 perturbare
1444 835 1500 862 etc.
1780 861 1786 870 ,

1143 877 1216 913 Εῡο
1265 877 1420 913 Crfflss
1464 876 1637 912 catholicae
1684 874 1844 911 Ecclesiae
1869 877 1963 900 ΨΜ·
1979 877 2019 900 PP-

1093 926 1264 974 episcopus
1290 926 1478 974 subscripsi.

1142 975 1210 1023 Ego
1231 976 1383 1020 Albanus,
1408 975 1597 1011 Albanensis
1617 974 1739 1010 Eccles.
1770 975 1843 1022 epi-
1856 978 2037 1032 ⁶⁸:fflw

1093 1036 1222 1070 scopus.

1856 1040 2034 1068 'subscription-⁸.

1141 1074 1210 1122 Ego
1232 1073 1434 1119 Octavianus,
1449 1074 1592 1109 Hostien.
1607 1082 1637 1110 et
1652 1073 1840 1109 velletrens.

1092 1124 1272 1171 episcopus.

1140 1173 1209 1221 Ego
1229 1173 1362 1209 Ioannes
1396 1172 1498 1219 presb.
1531 1172 1615 1207 card.
1654 1172 1700 1206 tit.
1731 1172 1839 1207 Sancti

1091 1222 1207 1319 ”affleg'b
1225 1271 1444 1317 pandulphus,
1467 1270 1614 1306 basilicae
1653 1269 1714 1305 xu
1751 1245 1840 1317 Αρο-

1090 1321 1242 1356 stolorum
1278 1321 1442 1369 presbyter
1462 1319 1548 1356 card.

1138 1371 1206 1417 Ego
1228 1369 1341 1405 Petrus
1360 1369 1523 1418 presbyter
1548 1369 1634 1404 eard.
1658 1368 1739 1403 tituli
1757 1367 1839 1403 San-

1089 1427 1156 1453 ctae
1178 1419 1348 1455 Caeciliae.

1137 1468 1203 1515 Ego
1225 1468 1337 1503 Petrus
1364 1468 1410 1502 tit.
1440 1468 1473 1502 S.

1088 1530 1176 1553 maso
1204 1517 1310 1564 presb.
1338 1517 1424 1553 card.

1138 1571 1205 1618 Ego
1231 1570 1346 1606 Petrus
1372 1570 1478 1618 presb.
1509 1569 1591 1604 card.
1625 1570 1658 1605 S.
1687 1569 1772 1605 Petri
1797 1569 1836 1604 ad

1087 1625 1221 1660 Vincula
1245 1624 1292 1659 tit.
1315 1623 1490 1659 Eudoxiae.

1135 1679 1203 1726 Ego
1243 1677 1406 1717 Iordanus,
1446 1677 1548 1724 presb.
1584 1676 1668 1711 card.
1702 1677 1837 1713 Sanctae

1086 1733 1305 1768 pudentianae
1332 1732 1380 1765 tit.
1405 1731 1555 1766 Pastoris.

1135 1787 1200 1833 Ego
1223 1787 1357 1821 Ioannes
1392 1784 1481 1820 Felix
1513 1784 1561 1818 tit.
1595 1784 1629 1818 S.
1670 1783 1836 1819 Susannae

1086 1841 1190 1888 presb.
1215 1839 1300 1874 card.

1134 1894 1200 1940 Ego
1221 1892 1283 1928 Iac.
1307 1892 1459 1926 diaconus
1477 1890 1563 1926 card.
1597 1891 1732 1926 Sanctae
1770 1890 1836 1926 Ma-

1086 1949 1148 1983 riae
1172 1948 1202 1982 in
1216 1945 1399 1982 Cosmedin.

1135 2002 1201 2048 Ego
1222 2000 1394 2036 Gratianus
1416 2001 1466 2035 Ss.
1494 1999 1630 2034 Cosmae
1646 2008 1676 2034 et
1691 1998 1836 2035 Damiani

1085 2057 1164 2091 diac.
1192 2054 1276 2090 card.

1133 2109 1201 2155 Ego
1227 2106 1408 2151 Goffredus,
1428 2106 1564 2142 Sanctae
1585 2106 1702 2142 Mariae
1724 2108 1754 2142 in
1778 2106 1835 2147 via

1085 2164 1159 2200 Lata
1181 2162 1262 2198 diac.
1283 2159 1369 2196 card.

1134 2217 1201 2265 Ego
1222 2214 1393 2261 Gregorius
1410 2214 1546 2250 Sanctae
1567 2214 1682 2250 Mariae
1701 2215 1732 2248 in
1762 2213 1834 2249 Por-

1085 2275 1147 2307 ticu
1170 2271 1248 2306 diac.
1276 2269 1359 2305 card.

1133 2325 1202 2372 Ego
1220 2325 1352 2360 loannes
1381 2323 1414 2357 S.
1458 2322 1646 2358 Theodorici
1681 2321 1834 2357 diaconus

1084 2379 1170 2415 card.

1134 2433 1202 2480 Ego
1223 2432 1398 2479 Gregorius
1425 2431 1459 2465 S.
1491 2430 1606 2465 Mariae
1640 2430 1672 2464 in
1714 2430 1833 2477 Aquiro

1085 2487 1165 2523 diac.
1188 2486 1273 2522 card.

1134 2541 1248 2576 Datum
1286 2540 1430 2575 Laterani
1466 2550 1520 2585 per
1565 2548 1694 2572 manum
1713 2536 1830 2584 Moysis

1085 2596 1118 2631 S.
1140 2595 1180 2630 R.
1202 2595 1239 2630 E.
1263 2593 1459 2634 subdiaconi,
1493 2593 1574 2627 vices
1601 2590 1723 2638 agentis
1755 2603 1831 2626 can-

1510 1467 1671 1502 Laurentii
1705 1467 1737 1502 in
1772 1466 1838 1502 Da-

301 2655 411 2692 eodem
435 2655 503 2690 loco
531 2668 588 2689 suo
617 2654 789 2689 discedere:
829 2652 1044 2688 discedentem
1085 2649 1212 2686 cellarii.
1241 2661 1263 2684 n
1287 2660 1386 2683 nonas
1404 2645 1493 2685 iunii,
1512 2644 1619 2680 indict.
1642 2644 1828 2689 vnninczr.

2114 1775 2126 1882 ἢθη)-

2112 1887 2124 1932 -ιι

2100 2660 2119 2721 ¹³⁴1&
2109 2632 2114 2650 υ
2106 2595 2115 2624 ⁴-
2101 2445 2121 2587 -σ-ψ-Αυο·
2103 2198 2125 2438 ωορκ-φήμη.
2107 2151 2125 2192 '³oe
2094 1991 2124 2143 γῆς...
2113 1952 2117 1954 .
