2129 3223
145 265 185 290 An
213 264 240 290 C.
264 264 328 291 1265

164 1007 312 1028 Visitatcnbut

147 1040 325 1059 mmasteriorum

142 1071 188 1095 7u=d
212 1071 237 1089 sii
261 1074 325 1095 prae-

141 1101 236 1120 standum

395 252 461 285 754

921 256 1106 280 numanum
1127 256 1290 280 nonum

1894 256 1945 282 An.
1963 255 1992 282 C.
2007 255 2073 282 ¹263

343 323 498 363 poterunt,
525 313 627 347 donec
648 318 700 346 aut
722 311 752 345 in
780 310 917 358 generali
941 309 1087 357 capitulo,
1130 320 1168 344 ex
1195 309 1290 345 certis
1317 310 1420 344 causis
1442 318 1585 345 noverint
1607 308 1810 344 amovendos.
1833 309 1876 344 Ita
1903 315 1991 343 deo
2027 315 2075 336 offi-

341 373 393 400 aut
424 364 448 399 si
478 361 556 397 illud
583 362 644 396 iam
671 360 772 395 visum
804 359 898 395 fuerit
931 360 1087 406 expectari

342 425 403 448 nou
432 423 536 459 posse,
564 412 594 445 in
622 417 777 445 conventu
805 409 876 453 alio,
911 408 1089 443 convocatis

340 461 516 501 abbatibus,
543 460 599 506 qui
627 459 666 494 de
694 458 849 494 Cistercio
877 458 1030 497 exierunt,
1058 465 1088 492 et

340 510 496 558 aliquibus
522 509 666 553 aliorum,
688 508 791 543 virum
814 507 957 542 inutilem
980 506 1019 541 ab
1041 506 1088 540 of-

342 559 412 595 ficio
446 571 504 594 suo
541 558 717 606 deponant:
755 564 945 592 conventum
983 562 1086 590 autem

340 609 436 644 alium
472 607 680 654 intelligimus
716 606 901 641 eorumdem
939 604 1086 640 abbatum

341 657 529 693 concordem
549 656 685 692 reditum
708 655 746 690 ad
769 666 952 702 processum
975 654 1088 688 buius-

341 707 425 742 modi
455 707 632 741 faciendum
660 706 692 740 in
719 704 823 751 aliqua
855 703 997 738 eiusdem
1034 715 1088 737 or-

340 756 425 791 dinis
445 756 578 791 abbatia.
601 754 660 795 Eo,
695 754 777 788 circa
805 753 999 800 punitionem
1027 750 1088 786 Ci-

339 805 485 840 stercien.
501 804 632 847 abbatis,
654 803 868 837 moderamine
896 800 1087 840 adhibendo,

339 853 423 902 quod
465 855 546 889 circa
585 852 716 888 abbates
752 851 830 886 alios
870 850 1000 885 inferius
1042 858 1088 884 est

340 910 503 938 statutum.

389 955 404 996 ἓ
430 953 488 987 20.
516 951 563 985 Ne
586 963 658 986 vero
680 950 855 984 visitatores
877 948 1089 992 monasteriis,

340 1001 378 1036 ad
413 1012 493 1049 quae
527 1012 621 1035 causa
657 999 844 1034 visitationis
882 998 1087 1037 accesserint,

341 1051 474 1085 nimium
493 1049 618 1084 onerosi
641 1048 786 1087 existant,
808 1048 976 1082 statuimus
994 1054 1025 1082 et
1042 1058 1089 1081 or-

340 1099 498 1142 dinamus,
520 1097 606 1145 quod
633 1098 769 1132 maiores
795 1096 923 1131 abbates
944 1108 1016 1131 cum
1045 1096 1090 1129 vi-

339 1148 511 1188 sitaverint,
533 1147 642 1182 decem
670 1145 889 1182 evectionibus
921 1146 983 1181 sint
1005 1157 1090 1179 con—
1109 1176 1110 1183 ,

341 1197 427 1231 tenti.
461 1196 584 1231 Monaci
622 1208 696 1231 vero
731 1195 784 1243 qni
823 1194 862 1229 ad
900 1193 1111 1229 visitandum,

339 1247 519 1286 mittuntur,
541 1257 613 1280 cum
636 1244 748 1280 abbate
774 1243 834 1279 sibi
861 1244 1014 1278 associato
1036 1255 1089 1278 se-
1109 1277 1111 1284 χ

339 1295 462 1330 narium
489 1294 689 1329 evectionum
715 1304 885 1328 numerum
913 1305 974 1327 non
997 1290 1112 1327 exce-l

338 1345 423 1378 dant.
447 1343 509 1385 Qui
532 1351 637 1378 autem
669 1342 759 1377 aliter
793 1354 829 1376 ex
860 1341 964 1388 aliqua
996 1352 1089 1376 causa

341 1393 462 1436 feeerit,
484 1392 678 1439 praedictum
703 1403 870 1425 numerum
896 1390 1090 1432 excedendo,

340 1441 463 1476 veniam
496 1440 570 1475 inde
602 1448 685 1487 petat
718 1440 748 1474 in
782 1440 924 1486 sequenti
953 1439 1090 1485 capitulo

340 1489 491 1537 generali.
514 1489 694 1524 Abbatibus
708 1501 793 1527 vero,
816 1488 862 1522 vel
879 1488 1090 1522 visitatoribus

341 1552 411 1574 cum
431 1539 468 1573 ad
495 1538 621 1585 aliquod
649 1537 876 1572 monasterinm
901 1536 1089 1571 visitandum

341 1588 544 1628 accesserint,
577 1588 607 1621 in
641 1586 719 1621 locis
757 1586 917 1620 dumtaxat
958 1585 1032 1620 tutis
1062 1593 1091 1620 et

341 1636 539 1684 temporibus
560 1637 691 1683 pacatis,
713 1634 820 1669 nullus
841 1634 879 1670 de
901 1635 1091 1669 monasterio

344 1688 412 1732 ipso
434 1696 612 1725 occurrere,
640 1685 686 1720 vel
710 1693 781 1731 post
805 1684 1014 1719 visitationem
1037 1696 1091 1718 eos

342 1734 499 1769 deducere
518 1742 669 1769 teneatur.
698 1733 812 1768 Nullus
831 1733 961 1780 insuper
983 1731 1091 1776 abbas,

343 1784 388 1818 vel
416 1784 508 1818 etiam
538 1783 689 1826 visitator,
713 1784 742 1817 in
765 1781 902 1817 cellariis
928 1791 958 1816 et
980 1781 1092 1816 domi-

342 1832 416 1876 bus,
442 1833 472 1867 in
501 1833 610 1867 castris
632 1841 660 1866 et
693 1831 785 1875 villis,
812 1843 875 1866 non
903 1830 1093 1866 habentibus

343 1893 415 1917 rura
433 1889 465 1916 et
485 1882 606 1925 vineas,
628 1894 665 1915 ex
687 1881 808 1927 quibus
825 1881 922 1927 possit
943 1879 1094 1927 hospita—

344 1930 414 1965 litas
435 1930 587 1974 exbiberi,
615 1930 673 1964 sibi
698 1929 853 1977 provideri
877 1929 1023 1976 postulet,
1047 1929 1093 1963 vel

345 1980 478 2014 occurri.
524 1979 589 2013 Nec
633 1979 746 2025 aliquis
790 1987 932 2013 teneatur
975 1977 1092 2012 ibidem

345 2027 585 2063 transeuntibus
620 2039 802 2067 occurrere,
842 2027 888 2062 vel
923 2028 954 2061 in
989 2027 1094 2073 aliquo

347 2076 520 2124 providere.
542 2076 764 2111 visitatoribus
785 2088 923 2124 quoque,
945 2089 1000 2111 seu
1025 2076 1095 2111 aliis

347 2126 491 2173 personis
508 2125 660 2173 praedicti
679 2125 810 2168 ordinis,
833 2137 1004 2172 numquam
1025 2125 1095 2171 plus

347 2187 441 2222 quam
466 2174 548 2210 duae
569 2174 717 2222 pitantiae
748 2174 879 2221 piscium
910 2174 1095 2209 ministren—

348 2233 409 2265 tur,
428 2236 486 2259 nec
502 2224 541 2259 de
558 2223 703 2271 pluribus
721 2232 898 2270 praesumat
915 2222 1094 2266 comedere,

348 2273 398 2307 cui
432 2273 510 2307 sorte
542 2273 637 2308 fuerit
668 2273 889 2307 ministratum.
925 2271 1094 2315 Carnibus,

349 2322 408 2356 nisi
436 2321 539 2356 forsan
571 2322 603 2356 in
636 2333 711 2356 easu
746 2321 919 2356 secundum
955 2321 1093 2367 regulam

347 2382 517 2414 concesso,
551 2371 688 2405 exclusis
720 2371 851 2404 omnino
885 2378 915 2404 et
954 2370 1093 2416 ipsarum

347 2431 403 2454 esu
432 2419 558 2466 penitus
584 2419 764 2460 interdicto,
798 2428 829 2453 et
863 2427 936 2453 tunc
970 2419 1021 2453 ille
1043 2431 1095 2454 so-

348 2467 511 2503 lummodo
525 2467 681 2511 comedat,
695 2480 790 2515 quem
804 2467 987 2503 huiusmodi
1003 2479 1095 2503 casus

347 2516 488 2562 attinget.

397 2568 413 2607 §
437 2566 496 2599 21.
519 2564 658 2600 Abbates
679 2573 709 2600 et
732 2565 906 2600 visitatores
929 2566 959 2600 in
987 2565 1095 2600 visita-

350 2612 488 2647 tionibus
510 2613 658 2649 officiales
676 2626 820 2649 amovere
840 2622 997 2660 poterunt,
1016 2627 1095 2660 quos

1107 408 1253 462 ,tionum
1285 407 1388 442 abbati
1427 409 1564 455 proprio,
1598 408 1646 443 vel
1682 407 1790 456 priori,
1825 415 1877 442 aut

1106 456 1376 497 sslocumtenenti,
1411 457 1435 491 si
1475 457 1571 492 abbas
1610 456 1688 492 forte
1725 456 1877 500 defuerit,

1108 502 1109 512 ¹
1130 506 1218 553 prius
1239 506 1416 541 ostendant.
1442 506 1536 548 Quod
1559 506 1585 541 si
1613 506 1759 554 proprius
1781 506 1878 541 abbas

1131 555 1175 589 vel
1214 556 1297 602 prior
1328 564 1511 590 accusatum
1548 555 1631 602 apud
1668 555 1798 590 abbates
1832 555 1876 590 vel

1129 605 1308 639 visitatores
1337 604 1532 640 sufficienter
1566 616 1716 639 excusare
1749 605 1877 652 poterit,

1129 653 1169 689 de
1192 653 1286 700 plano
1308 654 1376 689 sine
1398 655 1545 700 strepitu,
1567 661 1597 687 et
1625 654 1654 688 in
1683 654 1750 700 ipsa
1772 654 1878 688 visita-

1130 703 1214 737 tione
1240 702 1368 738 abbates
1395 711 1424 737 et
1453 702 1626 737 visitatores
1652 702 1790 749 benigne
1818 702 1878 737 hu-

1131 752 1267 786 iusmodi
1294 752 1514 786 excusationes
1535 751 1710 786 admittant.

1179 804 1193 844 ς
1218 803 1275 835 22.
1299 800 1414 836 Nullus
1437 813 1508 835 vero
1533 801 1708 835 monachus
1731 801 1776 835 vel
1799 813 1877 836 con-

1131 861 1238 885 versus
1264 850 1425 885 emittatur
1445 849 1483 884 ad
1508 850 1598 885 aliam
1623 849 1765 891 domum,
1788 850 1879 885 cuius

1108 899 1223 946 'culpa
1251 900 1318 933 sine
1346 900 1430 945 gravi
1458 898 1574 934 damno
1603 898 1652 934 vel
1673 899 1821 934 scandalo
1847 900 1879 934 in

1130 948 1225 983 domo
1251 950 1377 996 propria
1405 948 1521 995 poterit
1553 947 1729 993 emendari,
1763 956 1794 983 et
1825 949 1880 995 qui

1130 997 1293 1032 emittendi
1322 997 1450 1041 fuerint,
1479 997 1517 1032 de
1545 1006 1681 1045 quatuor
1706 1005 1760 1032 aut
1786 998 1881 1044 quin-

1130 1059 1191 1094 que
1212 1048 1374 1082 seniorum
1397 1046 1511 1081 domus
1533 1047 1664 1081 consilio
1685 1047 1879 1082 emittantur.

1130 1096 1333 1143 Quicumque
1348 1107 1421 1130 vero
1443 1095 1581 1142 aliquem
1595 1095 1683 1130 aliter
1705 1096 1881 1139 emiserint,

1131 1145 1215 1180 omni
1235 1153 1320 1180 sexta
1341 1144 1416 1180 seria
1436 1145 1577 1179 ieiunent
1593 1144 1625 1179 in
1644 1156 1725 1192 pane
1743 1153 1774 1179 et
1789 1157 1881 1192 aqua,

1131 1194 1233 1229 donec
1254 1194 1390 1229 emissus
1412 1193 1505 1229 fuerit
1528 1202 1703 1238 revocatus,
1726 1194 1772 1228 vel
1795 1194 1883 1237 emit5

1132 1252 1200 1278 tens
1227 1242 1321 1278 fuerit
1356 1243 1384 1277 in
1413 1251 1498 1277 certo
1532 1251 1563 1277 et
1596 1243 1686 1277 firmo
1718 1243 1882 1290 proposito

1132 1292 1299 1327 revocandi
1321 1291 1481 1327 eumdem.
1781 1327 1786 1331 ,

1180 1345 1195 1384 ᾗ
1222 1343 1279 1375 25.
1310 1340 1349 1375 Et
1377 1341 1448 1375 licet
1470 1340 1597 1375 abbates
1625 1353 1681 1376 seu
1708 1340 1882 1375 visitatores

1131 1390 1272 1437 deputati
1299 1390 1338 1424 ab
1359 1390 1417 1434 eis,
1439 1389 1615 1425 secundum
1638 1389 1770 1425 sormam
1799 1402 1882 1437 prae-

1132 1439 1206 1474 dicti
1234 1438 1367 1483 ordinis,
1393 1439 1503 1474 audire
1527 1440 1648 1486 possint
1678 1447 1792 1474 statum
1817 1439 1883 1474 do-

1132 1500 1255 1522 morum
1279 1495 1310 1522 et
1347 1499 1554 1535 personarum
1588 1489 1618 1522 in
1653 1488 1883 1523 visitationibus

1134 1536 1271 1584 publice,
1297 1536 1346 1571 vel
1373 1536 1536 1584 privatim:
1559 1545 1664 1571 tamen
1697 1549 1796 1584 super
1821 1537 1883 1581 bis,

1110 1578 1212 1633 {quae
1234 1585 1292 1620 sibi
1320 1585 1465 1633 privatim
1493 1594 1639 1632 suggesta
1666 1585 1792 1628 suerint,
1819 1598 1881 1621 non

1111 1648 1112 1651 ¹
1134 1634 1303 1681 procedant
1343 1634 1380 1669 ad
1422 1635 1616 1681 punitionem
1658 1646 1883 1682 personarum,

1112 1722 1113 1725 Ἴ
1134 1683 1193 1718 nisi
1218 1684 1305 1730 prius
1339 1695 1445 1718 coram
1480 1691 1628 1719 accusato
1653 1684 1682 1718 in
1707 1685 1882 1731 praeseutia

1112 1733 1268 1779 fquatuor
1307 1741 1359 1767 aut
1392 1733 1532 1780 quinque
1571 1733 1731 1768 seniorum
1768 1732 1883 1768 domus

1112 1789 1113 1820 l
1135 1781 1289 1828 publicata
1315 1781 1431 1816 suerint
1454 1782 1485 1816 in
1513 1791 1645 1817 secreto.
1681 1782 1720 1817 Et
1742 1790 1817 1817 tunc
1844 1782 1883 1817 de

1112 1831 1229 1878 lplano
1262 1839 1292 1865 et
1324 1831 1392 1866 sine
1423 1831 1555 1877 strepitu
1590 1831 1716 1865 videant
1749 1832 1776 1866 si
1821 1832 1883 1866 sint

1112 1903 1114 1932 Ι
1135 1892 1217 1921 vera,
1245 1887 1276 1914 et
1297 1880 1323 1915 si
1345 1892 1441 1927 super
1462 1880 1508 1915 eis
1530 1880 1568 1915 ad
1597 1881 1793 1927 punitionem
1815 1879 1884 1916 fue-

1113 1951 1115 1974 l
1135 1929 1174 1964 rit
1202 1928 1450 1976 procedendum.

1112 1975 1115 2023 l
1183 1983 1198 2021 ἓ
1229 1980 1286 2012 24.
1314 1977 1414 2013 Porro
1450 1986 1482 2012 ut
1509 1978 1641 2013 visitatio
1669 1978 1700 2013 in
1734 1978 1882 2014 charitate

1136 2027 1301 2073 procedat,
1340 2026 1424 2061 nulla
1461 2026 1500 2061 de
1539 2035 1663 2062 caetero
1702 2028 1734 2062 in
1772 2027 1883 2063 ordine

1114 2080 1274 2127 ,praefato
1301 2081 1436 2120 exactio,
1462 2080 1628 2115 subventio
1662 2080 1713 2115 vel
1751 2079 1882 2116 collecta

1114 2125 1115 2144 ¹
1135 2133 1229 2176 (salvo
1256 2142 1371 2168 statuto
1394 2134 1423 2167 in
1445 2133 1555 2169 eadem
1577 2133 1692 2169 Charta
1713 2132 1884 2169 Charitatis

1135 2191 1294 2231 contento)
1317 2195 1452 2234 petatur,
1481 2187 1527 2221 vel
1550 2187 1614 2230 fiat,
1640 2199 1656 2221 a
1683 2199 1883 2234 quocumque

1135 2239 1246 2275 abbate
1271 2241 1319 2275 vel
1350 2241 1518 2284 xisitatore,
1541 2241 1608 2275 sive
1629 2240 1669 2275 sit
1691 2239 1798 2283 abbas,
1820 2242 1883 2274 sive

1114 2335 1115 2338 Ἴ
1135 2294 1174 2327 sit
1192 2294 1378 2331 monachus,
1399 2305 1456 2328 nec
1471 2294 1584 2340 aliquis
1603 2294 1744 2340 recipere
1763 2293 1881 2328 donum

1114 2355 1319 2394 ,suspectum
1340 2355 1480 2382 attentet.
1517 2347 1564 2381 Illi
1592 2355 1694 2382 tamen
1722 2347 1776 2393 qui
1807 2347 1884 2381 mit-

1114 2408 1250 2453 ‘'tentur.
1279 2399 1326 2434 vel
1360 2401 1452 2435 ibunt
1487 2401 1525 2435 ad
1565 2401 1710 2447 regiones
1746 2407 1883 2435 remotas

1135 2454 1231 2500 gratia
1257 2454 1413 2494 visitandi,
1450 2461 1597 2501 poterunt
1623 2453 1785 2488 moderate
1819 2466 1882 2489 ne-

1135 2507 1269 2542 cessaria
1296 2507 1438 2555 recipere
1460 2508 1500 2542 ab
1526 2508 1598 2547 iltis,
1615 2507 1667 2554 qui
1689 2507 1734 2542 eis
1756 2519 1793 2542 ex
1812 2507 1884 2543 cha-

1137 2560 1226 2595 ritate
1264 2572 1300 2595 ac
1327 2572 1411 2595 mera
1443 2560 1628 2595 liberalitate
1661 2567 1693 2594 et
1727 2561 1795 2595 sine
1831 2562 1879 2595 sui

1112 2614 1315 2659 ,gravamine
1338 2613 1493 2649 voluerint
1513 2612 1694 2648 subvenire.
1718 2613 1781 2656 Qui
1808 2625 1882 2649 vero

1130 366 1233 393 tamen
1254 359 1338 406 qnod
1353 370 1463 394 causas
1477 358 1714 406 depositionum
1731 358 1776 393 vel
1794 370 1878 393 amo·
1890 347 2074 405 ξΐιζζςᾷξῗω*

1905 810 1933 832 De
1962 815 2077 831 removen-

1892 842 1924 862 dis
1939 847 1950 860 τι
1966 843 2076 861 monaste-

1892 872 1924 892 rio
1938 870 2016 898 atiquo.

1908 1348 1938 1370 De
1980 1348 2077 1375 privatim

1895 1379 2000 1405 suggestis
2036 1383 2078 1400 non

1909 1410 2065 1436 procedendum

1896 1441 1921 1461 ad
1939 1441 2077 1467 punitionem.

1909 1981 2036 2002 visitatores
2043 1982 2078 2002 ni-

1897 2013 1926 2033 hit
1935 2012 2039 2039 recipiant
2048 2012 2079 2032 ni<

1897 2044 1914 2064 si
1924 2044 1944 2063 in
1957 2042 2079 2069 regionibus

1896 2074 1990 2094 remotis.
