2129 3223
128 280 177 305 Ait.
197 278 225 305 C.
244 278 308 305 ¹25¹

139 334 259 356 luuoceiitti
271 333 310 353 Pl>⁴

126 435 146 451 ei
168 431 188 451 S.
210 430 232 451 R.
253 430 309 452 ceci.

146 461 283 483 cardinalium
340 479 346 484 ,

125 492 299 519 subscriptioni.

169 2474 284 2494 niomium.

379 267 448 299 546

375 330 445 365 Eoo
472 328 684 364 tumeamus
709 323 889 360 Catholicae
916 324 1095 359 Ecclesiae*

324 381 491 427 episcopus
518 375 703 421 subscripsi.

374 429 441 475 Ego
478 425 659 475 Raynaldiis
679 423 835 459 Ostiensis
858 432 888 458 et
907 423 1074 458 Vellitren-

322 491 366 513 sis
386 478 555 525 episcopus
583 474 766 521 subscripsi.

370 527 439 574 Ego
467 526 581 562 Petrus
608 523 761 559 Albanen.
790 524 964 571 episcopus
989 521 1074 557 sub-

318 578 441 622 scripsi.

368 626 435 674 Ego
461 624 646 673 Stephanus
668 623 801 659 Sanctae
818 622 934 658 Mariae
953 621 1074 656 Trans-

320 676 451 731 tybeiim
488 674 653 724 presbyter
688 672 860 708 cardinalis
898 670 979 706 tituli
1011 669 1074 705 Ca-

320 725 386 761 lixti
414 725 600 772 subscripsi.

369 775 438 823 Ego
459 775 574 811 Petrus
597 773 676 809 tituli
699 772 805 807 Sancti
829 769 964 806 Marcelli
990 781 1074 817 pres·

320 825 411 874 byter
427 823 599 861 cardinalis
621 822 806 869 subscripsi.

369 875 437 923 Ego
470 874 565 910 frater
605 872 739 907 loannes
770 870 878 906 Sancti
912 868 1071 904 Laurentii

319 925 352 959 in
374 924 493 960 Lucina
518 923 682 971 presbyter
703 918 1070 965 cardinalissubscripsi.

369 974 438 1021 Ego
456 972 637 1009 Ricliardus
659 970 766 1006 Sancti
791 969 903 1017 Angeli
919 969 1073 1005 diaconus

320 1023 489 1059 cardinalis
511 1020 697 1068 subscripsi.

370 1073 438 1120 Ego
464 1072 579 1108 Petrus
606 1070 712 1107 Sancti
733 1068 862 1117 Georgii
891 1068 929 1103 :id
957 1067 1072 1122 Yeltim

320 1124 461 1158 Aureum
490 1122 645 1157 diaconus
667 1118 836 1155 cardinalis
856 1116 1040 1163 subscripsi,

370 1172 439 1219 Ego
460 1171 645 1207 Willelmus
672 1169 706 1204 S.
733 1168 894 1205 Eustachii
922 1167 1073 1202 diaconus

320 1222 490 1257 cardinalis
511 1221 699 1267 subscripsi.
1006 1267 1012 1272 .
1064 1266 1070 1273 Ο

370 1271 484 1307 Datum
519 1271 643 1306 Perusii
681 1282 735 1318 per
770 1280 899 1305 manum
932 1275 1094 1314 magistrif

321 1321 433 1358 Marini
455 1329 581 1356 sauctae
607 1319 770 1356 Romanae
797 1317 959 1354 Ecclesiae
987 1316 1073 1352 vice-

322 1371 500 1407 cancellarii
534 1370 639 1406 idibus
674 1368 868 1409 decembris,
901 1366 1072 1402 indictione

322 1421 457 1465 decima,
475 1418 699 1455 incarnationis
716 1418 892 1453 dominicae
907 1428 990 1451 anno
1006 1416 1073 1450 mil-

325 1470 434 1505 lesiino
445 1470 665 1505 ducentesimo
679 1466 945 1515 quinquagesimo
957 1465 1070 1513 primo,

324 1519 526 1567 pontificatus
548 1531 620 1554 vero
638 1517 758 1553 domini
778 1514 954 1551 Innocentii
969 1514 1072 1560 Papae

324 1569 424 1618 quarti
447 1581 530 1604 anno
551 1580 647 1603 nono.

323 1631 384 1661 Dat.
404 1631 451 1661 die
469 1630 507 1660 13
524 1630 690 1661 decembris
708 1630 794 1666 1251,
810 1628 913 1668 pontif.
933 1636 1008 1657 anno
1032 1634 1070 1655 ix.

900 269 1038 293 BULLAR!
1044 269 1088 291 tm

644 1789 760 1826 xxllt.

326 1866 540 1909 Privi‘leqium,
556 1876 615 1911 quo
626 1864 787 1898 comitatus
801 1863 951 1907 Lyci'ensi's
964 1861 1073 1895 Marco

375 1915 472 1949 Ziani
485 1916 568 1949 ducis
588 1914 780 1948 Veneti'arum
803 1913 870 1958 filio
888 1919 954 1956 post
983 1911 1074 1944 Tan-

375 1965 457 1998 credi
487 1965 540 1999 avi
562 1965 611 1998 sui
636 1964 751 1998 obitum
771 1962 942 1996 conceditur
961 1963 1022 2003 (l).

596 2031 810 2063 SUMMARIUM

327 2098 493 2129 Exordium.
515 2114 553 2119 —-
575 2095 731 2126 Concessio
758 2094 829 2125 dicti
850 2093 1015 2124 comitatus.
1037 2108 1075 2113 —

367 2141 531 2173 Fidelitatis
564 2140 772 2180 praestandum
800 2139 1007 2168 iuramentum.
1037 2151 1075 2159 --

368 2185 534 2216 clausulae.

329 2252 498 2284 innocentius
520 2252 657 2289 episcopus
676 2258 770 2281 servus
793 2256 933 2280 servorum
950 2248 1005 2282 net.
1029 2255 1077 2278 no-

374 2303 423 2333 biti
441 2303 499 2332 viro
517 2302 607 2331 Marco
625 2302 705 2330 Ziano
734 2301 798 2331 nato
820 2300 903 2329 boiiae
932 2298 1077 2327 memoriae

375 2352 402 2382 Ρ.
422 2353 498 2383 ziani
513 2353 588 2381 ducis
606 2352 778 2381 Venetorum.

380 2415 480 2452 Sedes
505 2415 687 2463 Apostolica
714 2414 838 2450 debitae
865 2412 1076 2461 providentiae

333 2466 424 2501 oculo
458 2465 583 2501 ducitur
617 2465 698 2500 circa
732 2473 915 2499 cunctorum
946 2473 1076 2497 suorum

335 2515 443 2550 merita
484 2516 686 2554 devotorum,
725 2526 783 2549 nec
822 2524 959 2560 unquam
1003 2511 1077 2546 lan-

334 2575 401 2598 cem
437 2565 569 2600 iustitiae
595 2564 727 2608 deserit,
761 2564 936 2598 secundum
963 2573 1077 2609 quam,

370 2628 409 2663 (l)
426 2629 464 2656 Ex
481 2630 585 2665 Regest.
607 2629 692 2656 Vatic.
709 2628 791 2656 edidit
805 2627 918 2663 Ughell.‚
935 2627 992 2654 ltal.
1007 2627 1076 2658 Sac.,

336 2672 399 2696 tom.
417 2675 457 2700 ix,
472 2677 529 2704 pag.
548 2669 590 2701 79,
622 2669 667 2695 ubi
686 2668 719 2696 de
734 2669 841 2704 Lycien.
867 2668 1006 2703 episcopis.

1115 267 1278 291 ROMANUM

1114 323 1235 358 actibus
1262 321 1400 358 fidelium
1424 322 1618 369 singulorum
1642 322 1766 370 provida
1790 335 1857 358 ma-

1116 373 1241 407 turitate
1268 371 1397 411 libratis,
1420 380 1449 407 et
1471 373 1566 419 digne
1588 373 1672 420 ipsos
1699 371 1859 419 amplexe-

1116 429 1165 456 tur
1204 421 1381 457 dilectionis
1420 422 1628 457 favorabiliter
1650 422 1794 461 brachiis,
1829 431 1859 457 et

1092 506 1095 515 ι
1114 471 1199 506 dono
1220 471 1365 519 specialis
1387 471 1622 506 benevolentiae
1642 480 1858 519 prosequatur,

1116 522 1296 568 praesertim
1319 534 1399 570 quos
1420 521 1501 556 cla‘ra
1530 521 1674 556 nobilitas
1715 530 1745 556 et
1773 522 1859 567 origo

1116 570 1259 606 nobilitat
1284 583 1447 618 generosa.

1164 620 1246 655 Hinc
1266 629 1324 661 est,
1347 620 1429 668 quod
1452 632 1524 654 cum
1547 621 1627 655 sicut
1650 628 1679 655 te
1698 621 1859 656 intimante

1114 671 1305 718 accepimus,
1335 671 1502 704 comitatus
1535 670 1661 718 Lycieii.
1688 670 1725 705 ad
1761 671 1859 706 bonae

1115 721 1284 755 memoriae
1307 719 1505 754 Tancredum
1521 731 1611 754 avum
1632 728 1719 754 tuum
1742 729 1860 767 specta-

1115 769 1204 814 verit,
1226 769 1372 817 idemque
1399 769 1567 804 comitatus
1594 769 1793 816 postmodum
1819 770 1859 806 ab

1114 818 1183 853 aliis
1219 828 1392 866 occupatus
1428 818 1519 854 fuerit
1548 830 1582 853 ac
1610 818 1771 860 detentus:
1802 831 1858 854 nos

1114 868 1309 903 attendentes
1341 868 1424 916 quod
1464 867 1546 915 apud
1573 867 1688 903 Sedem
1714 868 1857 904 eamdem

1115 926 1144 953 te
1171 930 1233 952 non
1256 918 1358 953 solum
1387 917 1532 953 nobilitas
1553 918 1689 965 generis,
1711 918 1765 953 sed
1792 919 1859 954 cla-

1115 980 1165 1003 rae
1191 968 1368 1002 devotionis
1393 968 1556 1003 sinceritas
1582 975 1613 1003 et
1641 968 1748 1003 mei-ita
1779 968 1860 1003 inte-

1114 1030 1180 1063 gra,
1207 1017 1324 1065 quilius
1351 1025 1380 1052 te
1402 1017 1505 1057 nobis,
1532 1026 1563 1052 et
1584 1017 1685 1053 eidem
1708 1017 1783 1053 sedi
1806 1030 1861 1053 ac-

1113 1075 1237 1113 ceptum
1260 1066 1459 1102 laudabiliter
1480 1067 1626 1112 exhibes,
1651 1066 1861 1103 favorabiliter

1115 1116 1325 1164 interpellant,
1356 1117 1417 1151 tuis
1440 1117 1583 1164 precibus
1615 1117 1752 1164 benigno
1782 1129 1861 1152 con—

1114 1174 1276 1202 currentes
1302 1178 1444 1210 assensu,
1471 1167 1654 1202 comitatum
1677 1166 1859 1202 iamdictum

1115 1216 1147 1251 in
1163 1228 1257 1263 regno
1281 1223 1387 1251 nostro
1424 1215 1549 1251 Siciliae
1570 1217 1766 1259 existentem,
1787 1228 1860 1252 cum

1115 1264 1235 1301 iu·ibus
1258 1265 1407 1300 omnibus
1432 1273 1461 1300 et
1490 1266 1686 1313 pertinentiis
1713 1266 1779 1300 suis
1805 1265 1861 1301 tibi

1117 1314 1252 1361 plenarie
1275 1316 1487 1360 restituimus,
1515 1323 1545 1350 et
1572 1323 1608 1350 ut
1632 1314 1802 1351 ferventius
1829 1316 1860 1351 iii

1113 1364 1272 1400 Erielesiae
1311 1365 1477 1400 devotione
1510 1366 1669 1412 persistas,
1702 1365 1740 1400 de
1779 1377 1860 1400 novo

1115 1416 1242 1461 insuper
1269 1415 1299 1449 in
1323 1414 1454 1450 feudum
1476 1414 1683 1450 concedimus
1704 1414 1742 1449 dc
1763 1415 1858 1461 gratia

1113 1464 1252 1510 speciali,
1276 1464 1333 1499 nisi
1356 1464 1393 1499 ad
1416 1464 1512 1499 alium
1540 1464 1695 1512 pertineat
1717 1464 1747 1498 in
1770 1463 1860 1499 ‹levo-

1114 1514 1197 1548 tione
1213 1513 1372 1549 Ecclesiae
1388 1514 1618 1561 persistentem.
1634 1513 1704 1548 Non
1716 1513 1859 1549 obstante

1112 1563 1138 1597 si
1163 1563 1278 1598 nobilis
1306 1564 1349 1598 vir
1375 1575 1482 1598 comes
1509 1562 1661 1609 Tigrisius
1688 1563 1727 1598 de
1754 1563 1859 1598 Mudi-

1113 1624 1227 1658 gnana,
1250 1612 1297 1648 vel
1318 1613 1388 1648 eius
1410 1612 1463 1647 filii
1487 1613 1535 1647 ius
1556 1614 1587 1647 in
1610 1612 1756 1648 comitatu
1792 1613 1859 1659 ipso

1113 1674 1147 1696 se
1170 1662 1284 1697 habere
1311 1672 1450 1698 asserant
1477 1663 1597 1697 ratione
1618 1662 1731 1697 nobilis
1753 1663 1860 1699 mulie-

1115 1713 1156 1746 ris
1174 1712 1318 1747 Alberiae
1340 1720 1522 1747 materterae
1539 1724 1614 1747 suae
1632 1712 1747 1754 uxoris,
1761 1713 1859 1760 ipsius

1114 1769 1145 1796 et
1170 1761 1311 1796 eiusdem
1337 1762 1385 1796 avi
1412 1762 1461 1796 sui
1489 1762 1568 1796 filiae
1601 1761 1749 1808 potioris;
1786 1774 1857 1797 cuin

1114 1810 1209 1845 iidem
1232 1823 1339 1846 comes
1360 1820 1390 1846 et
1417 1810 1470 1845 filii
1493 1811 1651 1858 quondam
1678 1810 1713 1845 F.
1741 1810 1861 1846 Roma—

1115 1872 1226 1895 norum
1246 1861 1424 1908 imperatori
1437 1869 1544 1895 contra
1561 1860 1734 1895 Ecclesiam
1750 1860 1861 1897 adbae-

1115 1910 1228 1950 serint,
1264 1919 1294 1945 et
1329 1910 1431 1945 adliuc
1469 1911 1566 1957 ipsam
1603 1909 1764 1945 offendere
1797 1923 1859 1946 non

1115 1959 1277 1998 desistant,
1298 1968 1424 2007 propter
1438 1960 1520 2006 quod
1542 1960 1639 2006 gratia
1656 1967 1686 1994 et
1708 1959 1860 1996 beneficio

1116 2009 1214 2056 ipsius
1250 2008 1409 2044 Ecclesiae
1441 2009 1643 2044 reddiderunt
1675 2010 1800 2057 penitus
1826 2023 1860 2046 se

1869 265 1920 292 Αυ.
1937 265 1966 292 C.
1985 266 2055 294 ¹2⁸²

1881 1424 1996 1446 Conco-sio
2006 1424 2055 1444 dieti

1860 1456 1865 1461 ¹
1873 1456 1991 1477 comit-uis.

1116 2058 1272 2105 indiguos.
1303 2058 1456 2094 Volumus
1482 2068 1605 2104 autem,
1633 2067 1664 2094 ut
1694 2068 1858 2107 postquam
1871 2065 2057 2093 Fidssifflisinu—

1872 2099 1968 2119 standum
1997 2098 2056 2118 iun-

1115 2108 1257 2143 eiusdem
1291 2109 1456 2144 comitatus
1488 2109 1717 2156 possessionem
1740 2108 1860 2145 habuc·-
1872 2130 1972 2149 mnium.

1117 2158 1168 2201 ris,
1199 2170 1253 2205 pro
1287 2159 1356 2206 ipso
1384 2158 1563 2205 homagium
1591 2168 1621 2194 et
1649 2158 1857 2194 iuramentum

1117 2206 1284 2250 fidelitatis,
1303 2217 1333 2243 et
1354 2208 1410 2244 alia
1432 2207 1588 2244 Ecclesiae
1610 2207 1781 2248 Romanae,
1804 2220 1859 2242 scu

1117 2258 1193 2304 regi,
1215 2258 1266 2304 qui
1296 2271 1351 2305 per
1376 2270 1444 2293 eam
1468 2270 1523 2304 pro
1545 2266 1684 2305 tempore
1710 2256 1801 2292 fuerit
1827 2258 1858 2291 in

1118 2319 1212 2352 regno
1240 2307 1388 2354 praefato,
1420 2307 1553 2342 tenearis
1585 2315 1750 2354 praestare,
1780 2319 1860 2354 quae

1118 2356 1166 2390 alii
1202 2357 1319 2392 vassalli
1347 2357 1487 2392 eiusdem
1515 2358 1601 2404 regiii
1625 2368 1679 2404 pro
1706 2357 1860 2392 comitati-

1119 2405 1187 2448 bus,
1209 2419 1288 2454 quos
1309 2407 1350 2442 ibi
1372 2406 1523 2450 obtinent,
1537 2415 1691 2453 praestare
1706 2413 1858 2441 tenentur.

1118 2454 1199 2490 Nulli
1219 2468 1293 2503 ergo
1316 2456 1444 2491 omnino
1463 2456 1624 2491 liominum
1641 2455 1720 2490 lianc
1735 2464 1860 2491 nostrae

1120 2507 1321 2541 restitutionis
1347 2514 1378 2540 et
1399 2505 1611 2541 concessionis
1633 2504 1776 2552 paginam
1805 2506 1859 2540 in-

1118 2554 1252 2601 fringere
1299 2556 1405 2594 liceat,
1445 2556 1490 2590 vel
1525 2554 1552 2590 ei
1585 2566 1663 2589 ausu
1697 2556 1860 2590 temerario

1119 2605 1346 2640 contravenire.
1381 2604 1415 2640 Si
1448 2604 1517 2651 quis
1549 2613 1652 2639 autem
1680 2603 1739 2639 boc
1765 2612 1858 2639 atten-

1119 2662 1183 2689 tare
1209 2654 1461 2702 praesumpserit,
1483 2652 1731 2700 indignationem
1759 2654 1860 2689 omni-

1900 2455 2017 2477 cimini-0.
