2129 3223
57 235 107 262 Au.
122 233 150 260 C.
171 234 236 260 ΗΠ

63 388 177 416 Ιιψοηιοι
184 387 235 408 Con-

54 418 190 444 ιιιιιιίιπψοιΔ
211 418 236 438 ab

55 448 146 471 nonaria
183 449 234 475 petii

7 488 9 490 ·
54 481 157 502 coronari.

53 1079 123 1107 Quare
154 1083 224 1104 itt-iu-

42 1110 91 1133 terit
108 1111 221 1135 Honorinu-

68 1940 82 1953 1,

47 2017 136 2042 'undem
168 2026 215 2042 eum

35 2053 128 2072 coion«.

865 233 1028 255 nosontt's
1057 234 1091 255 ΙΙΙ
1121 234 1167 256 ΙΨ.

1669 229 1736 260 517

1803 239 1853 265 Au.
1875 240 1902 266 C.
1919 242 1983 269 ¹217

251 287 402 334 operibus
427 299 553 322 manum
580 285 705 320 Domini
739 288 888 324 exaltare.
917 300 998 334 quae
1017 289 1020 350 ξ
1040 288 1122 323 rari.
1150 297 1301 335 gratante·
1334 299 1523 337 acceptans,
1565 292 1785 339 imperatorem
1815 303 1985 331 nam-psum.

251 349 387 382 semper,
411 336 494 371 iuxta
510 335 718 382 prophetam.
750 336 996 371 misericordiam
1016 354 1020 395 Ι
1040 336 1232 383 praedictum
1257 337 1292 371 ad
1317 338 1429 374 solium
1450 352 1542 375 suum
1567 353 1638 376 cum
1661 349 1786 378 nostrae

250 393 280 420 et
316 385 466 420 iudicium
500 396 569 419 esse
596 392 729 419 constat.
765 384 847 419 Saue
882 385 995 421 sactum

249 442 297 470 est
311 446 412 481 nuper
433 447 448 469 a
473 433 622 477 Domino,
644 434 727 481 quod
753 434 883 479 imperio
908 434 997 470 Con-

248 483 515 530 stantinopolitan.
546 491 684 522 vacante,
708 490 835 519 vocatus
857 484 893 518 ad
919 484 994 519 illud

247 532 451 568 charissimus
473 532 502 566 in
520 531 649 568 Christo
668 532 750 567 fitius
773 541 878 568 noster
897 533 921 568 P
926 561 994 569 ......

247 581 499 617 Autissiodoren.
519 594 627 617 comes
646 582 684 616 ad
703 581 819 617 Sedem
833 582 995 629 Apostoli-

245 643 313 666 cam
336 643 408 666 cum
429 631 524 666 nobili
542 631 676 666 muliere
696 630 756 665 Y...
775 644 871 666 uxore
887 644 942 667 sua
956 646 992 667 rx

246 680 406 728 insperato
421 681 552 716 veniens
567 680 658 715 nobis
676 690 853 727 opportune
879 682 994 728 impor-

246 737 321 765 tune
336 730 366 765 in
378 730 578 765 omnimodae
595 730 779 764 humilitatis
794 731 904 775 spiritu
922 745 994 777 sup-

244 779 369 824 plicavit
383 779 598 826 multiplicatis
620 779 902 815 intercessionibus
926 781 993 827 plu-

243 827 359 863 rimum
385 841 447 864 non
471 828 574 864 solum
591 829 801 869 exorantium,
817 831 872 864 sed
893 839 922 864 et
938 830 991 865 ob-

243 879 425 914 testantium
455 878 485 912 in
521 878 647 913 nomine
684 878 753 913 lesu
787 877 920 918 Christi,
958 888 991 913 nt

240 926 442 973 dignaremur
456 927 559 974 ipsum
576 927 607 962 in
626 928 861 974 imperatorem,
876 938 903 962 ot
919 942 988 963 uxo-

239 988 306 1011 rem
339 989 429 1012 suam
465 977 495 1011 in
531 977 761 1024 imperatricem
791 977 828 1010 de
864 988 987 1013 nostran.

239 1027 403 1072 potestatis
424 1026 623 1073 plenitudine
647 1038 809 1061 coronare.
839 1027 903 1061 Nos
929 1041 987 1062 au-

237 1082 300 1110 tem
317 1074 389 1111 licet
405 1075 437 1110 id
454 1075 573 1122 pluries
588 1075 838 1121 denegassemus
853 1077 985 1113 eisdem.

237 1136 276 1159 ne
310 1125 383 1172 quis
424 1134 532 1172 posset
566 1126 710 1171 quamvis
745 1125 783 1159 ‹le
823 1127 986 1172 superfluo

235 1175 402 1220 suspicari,
428 1174 513 1221 quod
537 1174 567 1208 id
591 1175 619 1208 in
644 1174 803 1209 Ecclesiae
828 1175 986 1211 Constan-

236 1223 433 1269 tinopolitan.
456 1223 685 1270 praeiudicium
708 1224 895 1265 faceremus,
912 1226 983 1272 quia

235 1281 338 1307 tamen
367 1271 538 1308 timebatur
563 1285 578 1306 a
615 1273 732 1317 multis,
767 1285 805 1307 ne
839 1275 864 1308 si
896 1275 941 1309 sic
968 1288 983 1309 a

234 1320 327 1356 nohis
358 1323 510 1357 confusus
544 1322 745 1365 abscederet,
783 1335 844 1357 non
880 1324 982 1359 solum

233 1370 304 1411 sibi,
326 1371 381 1406 sed
406 1372 552 1407 universo
575 1371 707 1418 imperio
730 1383 822 1416 grave
851 1372 983 1419 dispen-

232 1419 320 1454 dium
355 1420 546 1455 immineret.
581 1419 886 1456 Condescendentes
913 1430 982 1457 tan-

231 1468 304 1505 dem
331 1468 418 1516 ipsos
441 1470 509 1504 siue
532 1477 597 1509 tuo,
622 1470 668 1504 vel
696 1469 826 1505 alterius
850 1472 982 1518 praeiu-

232 1517 316 1553 dicio
350 1518 397 1554 vel
429 1527 613 1566 contemptu
657 1520 685 1553 in
723 1519 855 1554 ecclesia
894 1520 979 1556 Beati

231 1567 392 1603 Laurentii
419 1568 494 1604 soris
517 1581 625 1603 muros
648 1568 742 1603 Urbis
759 1568 914 1604 duximus
933 1584 981 1604 so-

232 1616 380 1653 lemniter
396 1618 605 1661 coronandos,
629 1618 713 1664 quod
736 1617 774 1652 ad
793 1618 851 1653 hoc
874 1619 980 1654 divino

232 1674 310 1701 nutu
332 1666 492 1702 credimus
520 1680 589 1702 esse
617 1676 734 1711 actum,
763 1676 795 1702 ut
817 1680 890 1702 cum
919 1669 979 1703 im-

232 1723 391 1762 peratores
403 1715 757 1763 Constantinopolitani‚
779 1717 832 1764 qui
855 1717 979 1752 suerunt

231 1777 288 1811 pro
298 1773 559 1813 tempore‚cornu
573 1765 737 1812 superbiae
751 1774 857 1800 contra
868 1765 978 1802 Roma·

229 1825 301 1849 nam
316 1814 492 1849 Ecclesiam
505 1815 674 1861 erigentes,
692 1815 849 1861 dedignati
863 1815 979 1851 fuerint

230 1875 457 1909 recognoscere
471 1864 571 1911 ipsam
586 1863 716 1899 Matrem
731 1865 872 1898 omnium
889 1864 979 1900 Chri-

228 1911 410 1948 stifidelium
433 1913 625 1959 generalem,
642 1920 770 1960 propter
782 1913 867 1960 quod
882 1913 921 1948 ab
935 1915 978 1949 eis

229 1962 397 2009 imperium
418 1970 467 1997 est
487 1962 685 2006 translatum,
705 1974 762 1997 nec
786 1963 816 1997 in
836 1962 977 1998 Ecclesia

228 2011 367 2057 generali
384 2012 552 2057 vestigium
564 2019 713 2059 appareat
729 2012 877 2058 perfidiae
893 2025 978 2059 prae-

228 2060 381 2100 cedentis,
404 2061 462 2096 isto
483 2070 644 2108 tamquam
681 2061 792 2096 devoto
815 2070 844 2096 et
867 2061 976 2097 humili

229 2109 294 2145 filio
315 2122 331 2145 a
365 2109 500 2145 Summo
528 2110 681 2145 Pontifice
702 2119 872 2151 coronato,
900 2112 977 2158 quin

229 2159 336 2206 potius
369 2159 531 2206 generatio
576 2167 606 2193 et
650 2159 815 2205 generatio
849 2160 977 2195 laudent

228 2220 322 2256 opera
343 2207 492 2249 Domini,
512 2208 566 2255 qui
581 2208 760 2255 suscipiens
782 2217 976 2254 mansuetos,

229 2270 330 2306 usque
344 2258 383 2293 ad
399 2266 513 2293 terram
529 2257 672 2292 humiliat
687 2266 877 2304 peccatores.
894 2258 975 2293 Cum

228 2307 324 2354 igitur
355 2307 562 2354 beneplacitis
601 2307 717 2341 nostris
753 2315 782 2341 te
817 2315 975 2354 tamquam

228 2355 413 2391 honorabile
434 2356 610 2391 membrum
639 2356 733 2402 capiti
760 2356 891 2403 obsequi
921 2357 977 2392 de-

228 2413 297 2441 ceat
334 2405 495 2441 humiliter
529 2414 558 2440 et
589 2404 717 2445 devote,
753 2405 975 2440 fraternitatem

227 2462 313 2490 tuam
328 2465 493 2501 rogamus,
515 2462 546 2489 et
573 2466 740 2488 monemus
761 2462 893 2495 attente,
922 2468 977 2502 per

228 2503 400 2550 apostolica
434 2504 550 2551 scripta
586 2503 788 2543 mandantes,
820 2513 977 2551 quatenus

229 2552 323 2600 quod
338 2565 393 2600 per
419 2565 476 2588 nos
497 2562 600 2588 actum
623 2560 685 2592 est,
715 2552 810 2587 immo
838 2565 893 2600 per
915 2553 976 2588 mi—

231 2601 393 2637 nisterium
421 2610 562 2637 nostrum
591 2601 749 2637 Dominus
778 2601 876 2636 voluit
897 2614 976 2649 ope-

1037 386 1152 432 gratiae
1183 386 1377 433 plenitudine
1404 389 1602 425 accedentem
1631 391 1786 438 suscipias

1037 434 1175 470 hilariter
1202 445 1231 470 et
1268 436 1418 483 benigne,
1447 447 1610 485 paternum
1639 441 1783 476 affectum

1036 492 1066 518 et
1087 486 1234 520 effectum
1258 498 1329 532 erga
1354 487 1455 533 ipsum
1478 489 1670 524 omnimodis
1691 491 1784 525 exbi-

1037 533 1156 578 bendo‚
1185 547 1365 581 speramus,
1393 536 1476 582 quod
1505 545 1534 571 et
1562 539 1627 585 ipse
1653 539 1705 586 qui
1742 540 1785 574 vir

1035 583 1211 619 catholicus
1233 584 1331 619 extitit
1355 597 1439 620 nunc
1465 598 1480 620 a
1503 586 1641 622 Domino
1663 589 1783 624 exalta-

1036 641 1100 673 tus,
1129 641 1215 668 tanto
1243 632 1343 667 Deum
1371 642 1401 668 et
1437 634 1611 671 Ecclesiam
1644 637 1782 673 studebit

1034 681 1359 718 humiliusrevereri.
1383 692 1500 730 quanto
1522 698 1556 720 se
1579 696 1782 733 recognoscet

1034 731 1187 777 potiorem
1215 732 1344 778 gratiam
1373 733 1544 780 accepisse,
1566 743 1597 769 et
1624 736 1678 782 qui
1707 736 1782 771 bac-

1033 788 1123 815 tenus
1157 793 1213 828 per
1248 781 1514 827 magnanimitatis
1553 784 1718 826 virtutem,
1751 795 1781 821 et

1031 842 1163 876 operum
1186 831 1452 876 magnificentiam
1475 844 1509 866 se
1533 832 1666 879 dignum
1688 834 1781 870 exhi-

1031 878 1098 915 buit
1120 880 1242 927 imperii
1271 880 1442 927 dignitate,
1465 892 1632 927 provectus
1654 883 1693 918 de
1716 884 1779 919 vir-

1031 936 1094 963 tute
1117 929 1259 975 proficiet
1281 929 1311 964 in
1335 930 1480 965 virtutem
1509 930 1547 966 ad
1575 931 1726 968 bonorem
1749 943 1779 969 et

1028 977 1159 1023 gloriam
1196 978 1265 1013 Iesu
1317 977 1434 1013 Christi
1478 989 1508 1015 et
1539 982 1634 1016 totius
1671 983 1777 1029 populi

1028 1027 1203 1062 christiani.
1229 1028 1363 1063 Not-eris
1390 1037 1507 1069 autem,
1533 1030 1618 1077 quod
1647 1043 1704 1066 nos
1731 1032 1778 1067 ei·

1027 1076 1098 1111 dem
1128 1077 1334 1117 iniunximus,
1358 1077 1441 1124 quod
1465 1078 1521 1113 tibi
1557 1087 1588 1114 et
1614 1079 1777 1116 Ecclesiae

1027 1134 1097 1159 tuae
1121 1125 1159 1161 de
1181 1127 1330 1161 omnibus
1357 1127 1478 1162 iuribus
1506 1136 1537 1163 et
1564 1131 1777 1166 consuetudi—

1028 1175 1119 1210 nibus
1146 1175 1257 1210 debeat
1282 1176 1420 1223 plenarie
1449 1178 1651 1224 respondere.

1074 1224 1190 1259 Datum
1214 1225 1358 1260 Laterani
1382 1227 1523 1262 secundo
1546 1227 1617 1262 idus
1645 1228 1775 1275 aprilis,

1027 1275 1228 1320 pontificatus
1251 1276 1350 1309 nostri
1373 1287 1457 1310 anno
1481 1277 1594 1323 primo.

1064 1331 1122 1360 [lat.
1143 1332 1189 1362 die
1212 1332 1245 1361 12
1265 1332 1367 1370 aprilis
1385 1332 1471 1370 1217,
1494 1334 1596 1373 pontis.
1615 1344 1691 1365 anno
1713 1344 1733 1366 ι.

1356 1476 1435 1511 Vlll.

1022 1551 1198 1593 lnseudati'o
1232 1554 1450 1586 ›manullorum
1483 1555 1619 1587 locorum
1652 1567 1690 1589 ex
1715 1557 1774 1589 do-

1070 1602 1193 1633 natione
1217 1602 1387 1635 comitissae
1411 1603 1575 1636 ‚mathildis
1593 1606 1774 1648 provenien-

1071 1651 1145 1682 tium
1181 1652 1286 1694 favore
1325 1653 1550 1696 Sali'nytierrac
1589 1654 1625 1686 de
1658 1654 1772 1687 Ferra-

1072 1700 1121 1732 ria
1144 1701 1198 1734 «ti.

1289 1769 1502 1800 staminum!

1020 1834 1187 1864 Exordium.
1218 1851 1257 1857 —
1288 1835 1451 1865 lnt'eudatio
1483 1837 1529 1866 dd.
1560 1837 1702 1868 locorum.
1733 1855 1772 1862 -

1058 1879 1170 1908 Census
1194 1889 1309 1909 annuus
1332 1879 1360 1909 S.
1386 1881 1416 1909 Α.
1436 1881 1604 1911 solvendus.
1627 1882 1770 1912 —Clau-

1059 1923 1152 1952 sulae.
1564 1932 1568 1933 ⁷

1018 1993 1147 2023 Honorius
1166 1995 1308 2030 episcopus
1326 2002 1421 2024 servus
1445 2002 1585 2024 servorum
1601 1996 1657 2029 noi.
1669 1997 1770 2026 dilecto

1061 2043 1116 2072 filio
1135 2044 1219 2072 nobili
1237 2044 1295 2073 viro
1312 2045 1503 2080 satinguerraa
1522 2046 1555 2074 de
1573 2046 1707 2079 Ferraria.
1724 2053 1767 2075 sa-

1061 2093 1147 2122 lutem
1166 2094 1193 2121 et
1212 2094 1391 2128 apostoticam
1410 2094 1633 2123 benedictionem.

1066 2156 1238 2191 Consuevit
1267 2156 1461 2203 providentia
1491 2157 1584 2192 Sedis
1606 2158 1767 2204 Apostoli-

1017 2218 1071 2240 cae
1099 2218 1225 2240 manum
1263 2205 1416 2240 libertatis
1443 2207 1612 2242 extendere
1639 2207 1677 2241 ad
1710 2208 1767 2242 de-

1018 2263 1116 2298 votos,
1147 2263 1177 2288 ut
1210 2255 1386 2290 devotiores
1419 2255 1532 2290 efficiat
1558 2256 1597 2290 de
1624 2255 1765 2295 devotis,

1017 2311 1046 2337 et
1075 2304 1112 2338 ad
1141 2304 1258 2338 bonum
1287 2304 1464 2338 devotionis
1489 2304 1605 2339 alliciat
1632 2305 1767 2340 indevo-

1018 2361 1075 2386 tos.
1104 2352 1144 2386 Ea
1179 2361 1317 2399 propter,
1353 2353 1467 2388 dilecte
1495 2353 1526 2387 in
1549 2352 1687 2389 Domino
1722 2355 1764 2388 fili

1017 2401 1231 2447 Salinguerra‚
1268 2413 1325 2436 nos
1347 2401 1386 2436 de
1422 2401 1551 2437 fratrum
1585 2411 1764 2438 nostrorum

1017 2451 1150 2486 consilio
1173 2450 1272 2485 felicis
1295 2450 1464 2485 memoriae
1485 2450 1660 2487 Innocentii
1680 2464 1766 2500 prae—

1017 2499 1192 2535 decessoris
1205 2500 1303 2534 nostri
1331 2500 1471 2547 vestigiis
1499 2500 1710 2546 inhaerentes,
1734 2503 1763 2536 in

1018 2549 1145 2583 feudum
1182 2548 1236 2583 tibi
1265 2548 1470 2584 concedimus
1501 2549 1567 2585 illas
1601 2558 1699 2586 terras
1724 2551 1764 2586 de

1052 2613 1090 2647 (t)
1107 2614 1144 2640 Es
1163 2614 1266 2648 Hegest.
1285 2613 1369 2641 vatic.

1801 334 1860 355 cham
1871 335 1892 355 t).
1902 334 1923 355 P.
1935 342 1983 357 eer-

1800 366 1875 386 tiorem
1890 364 1948 386 lacit.

1813 2167 1922 2190 Exordium
