2129 3223
35 220 85 249 Αιι.
97 221 126 248 C.
143 221 208 249 ¹26¹

0 655 2 659 y
40 624 88 647 Eius
104 627 193 653 vigili-e

34 1267 57 1290 Bt
71 1270 140 1290 cunin
157 1275 175 1290 m
181 1275 203 1289 ι-

21 1300 107 1322 centio.

846 222 990 247 nummos
1017 223 1050 245 lv
1076 223 1125 246 1²1³.

225 275 292 323 ipse
310 276 341 311 in
359 277 608 332 persecutionum
627 278 829 324 perpessione
848 277 966 318 fortior,

225 337 255 360 ιιι
271 325 422 362 libertatis
440 326 671 362 ecclesiasticae
688 327 868 362 defensione
891 339 967 362 con-

223 376 365 430 stantior,
392 376 422 411 in
450 376 586 411 iustitiae
606 388 739 412 censura
757 377 966 418 inflexibilior,

223 425 253 459 in
278 425 418 461 oratione
439 425 649 467 ferventior,
644 438 673 460 in
696 426 964 462 elcemosvnarum

221 474 384 521 largitione
412 474 578 522 profusior,
612 475 642 510 in
676 476 793 523 proprii
826 476 966 522 corporis

222 524 426 571 castigatione
453 524 592 571 rigidior
615 524 786 560 districtior
808 526 838 560 in
863 526 967 560 obser-

222 574 321 609 vantia
355 573 550 621 disciplinae,
579 575 608 609 in
645 575 749 609 carnis
781 584 809 609 et
836 576 964 623 spiritus

221 621 301 658 lucta
318 623 512 678 prudentior
532 623 652 659 Horum
672 623 891 659 colluctatione
909 625 965 660 frc-

221 680 352 718 quentet
374 672 404 707 in
422 686 486 721 ipsa
510 673 653 713 luctatus,
677 673 848 720 prudenter
869 682 965 709 atten—

220 721 279 762 dit,
313 721 433 756 studuit
470 723 581 758 lucrari
617 723 802 769 prudenter,
835 735 962 759 carnem

220 772 319 818 coegit
341 772 458 807 servire
481 772 614 819 spiritui,
637 771 747 807 abiecit
770 772 913 808 ancillam
934 781 964 808 et

219 820 317 856 filiurn
345 821 434 862 eius,
465 833 588 856 earnem
621 830 651 855 et
684 822 786 856 carnis
809 822 962 857 incentiva

218 878 420 917 prosternens
455 871 580 917 vigiliis,
603 883 692 918 quaS,
728 880 832 918 spreto
854 872 961 912 cubili,

218 919 351 966 pervigil
373 920 568 960 observabat,
591 920 774 955 refocillavit
801 921 962 968 spiritum,

218 969 302 1016 pavit
323 970 466 1014 ieiuniis,
501 970 597 1005 multa
621 970 799 1005 orationum
826 971 963 1006 assidui-

218 1025 278 1053 tate
299 1019 438 1054 nutrivit.
467 1019 495 1054 O
519 1020 616 1054 virum
640 1019 842 1060 industrium,
865 1032 882 1055 o
900 1021 962 1055 cir-

218 1068 392 1116 cumspecti
431 1069 564 1103 athletae
600 1068 816 1116 prudentiam!
865 1068 961 1105 Carni

216 1128 301 1152 arma
316 1117 540 1153 debilitationis
561 1118 722 1165 imposuit,
745 1126 777 1153 ut
792 1119 887 1154 armis
905 1118 963 1154 for-

218 1165 362 1202 titudinis
400 1167 529 1215 spiritus
569 1176 753 1203 armaretur.
793 1167 839 1202 llli
875 1168 962 1203 dedit

216 1227 301 1251 arma
328 1217 498 1259 terrestria,
525 1224 560 1252 ut
586 1217 714 1264 spiritus
747 1229 831 1252 arma
859 1218 962 1253 coele-

217 1265 274 1300 stia
295 1267 496 1301 commodius
517 1267 670 1301 toleraret.
694 1266 733 1302 Ut
750 1266 835 1301 enim
858 1267 961 1302 carnis

216 1314 298 1349 carie
318 1323 409 1350 caute
435 1324 553 1350 careret
575 1316 700 1360 effectu,
728 1327 801 1350 vere
829 1316 961 1351 Mardo-

215 1363 332 1399 cbaeus
353 1364 494 1405 effectus,
522 1366 621 1412 ipsius
642 1374 671 1400 et
689 1377 802 1400 nomen
821 1373 850 1400 et
868 1378 959 1400 omen

215 1413 400 1460 assumpsit,
422 1414 496 1448 dum
518 1414 655 1449 nominis
672 1415 959 1461 interpretationem

216 1461 371 1510 implevit,
396 1463 590 1510 impudentis
611 1464 713 1498 carnis
736 1463 835 1498 factus
855 1477 960 1499 amara

215 1511 371 1552 contritio,
393 1520 424 1547 et
445 1513 544 1559 ipsam
571 1525 675 1548 amare
700 1521 867 1548 conterens
895 1514 958 1548 im-

217 1559 399 1607 pudentem.
423 1561 533 1597 Posuit
554 1562 637 1597 enim
657 1562 877 1597 vestimentum
892 1564 961 1598 eius
980 1571 983 1574 ‘

216 1609 364 1651 cilicium,
379 1618 409 1645 et
427 1611 526 1658 ipsius
544 1611 690 1646 stimulos
711 1611 826 1658 corigia
848 1612 961 1659 ligneis

1633 213 1702 245 685

1008 276 1182 322 ambulare,
1210 278 1239 312 in
1276 278 1343 325 ipso
1379 279 1561 313 meritorum
1589 277 1750 313 lucernam

1008 327 1167 372 accendit,
1197 326 1263 374 ipse
1291 327 1373 362 illam
1405 327 1592 363 candelabro
1622 327 1751 362 mirabi-

1008 376 1082 412 lium
1105 388 1236 424 operum
1255 377 1518 425 superimposuit,
1550 386 1583 412 ut
1602 389 1656 425 per
1670 377 1751 413 clara

1007 426 1135 471 merita,
1181 426 1270 473 quasi
1307 426 1379 461 luna
1421 427 1644 474 resplendens,
1682 434 1752 462 tan-

1007 475 1079 511 dem
1126 487 1181 522 per
1229 475 1450 511 miraculorum
1490 476 1678 511 evidentiam
1720 477 1750 511 in
1779 493 1947 515 Miraculanon-

1766 525 1822 546 nulla
1836 528 1903 552 patrat
1913 526 1948 546 ad-

1767 556 1806 576 huc
1820 557 1902 576 vivens.

1006 525 1080 560 solis
1113 525 1266 572 fulgorem
1294 524 1456 572 proficeret
1482 534 1512 560 et
1539 526 1626 573 quasi
1650 525 1696 561 sol
1720 526 1751 561 in

1007 575 1124 622 templo
1157 574 1344 610 christianae
1379 574 1450 610 fidei
1480 575 1662 622 refulgeret,
1695 587 1753 610 nec

1006 624 1138 660 laterent
1164 623 1194 658 in
1217 623 1334 659 abditis
1351 631 1454 659 tantae
1475 636 1570 671 opera
1592 625 1751 664 claritatis,

1005 686 1084 721 quae
1111 674 1193 709 idem
1218 673 1370 708 Summus
1396 673 1508 720 Opifex
1525 686 1579 721 per
1600 686 1671 709 eum
1690 687 1750 709 uon

1005 723 1106 759 solum
1134 735 1206 758 cum
1239 723 1309 771 ipso
1343 730 1548 769 regnantem,
1574 723 1628 758 sed
1657 723 1750 759 etiam

1005 772 1118 818 adbuc,
1154 773 1226 807 licet
1259 780 1382 820 praeter
1415 784 1558 818 carnem,
1585 780 1689 808 tamen
1720 774 1750 808 in

1004 834 1097 857 carne
1123 822 1298 862 viventem,
1325 822 1471 869 dignatus
1499 830 1547 857 est
1568 822 1751 857 mirabiliter

1003 872 1138 918 operari,
1159 871 1347 919 patientibus
1364 871 1401 907 ad
1422 871 1627 916 beneficium,
1647 871 1751 906 viden-

1004 921 1087 956 tibus
1108 929 1139 956 et
1159 920 1361 956 audientibus
1386 920 1423 956 ad
1439 921 1618 956 mirandum
1646 921 1751 956 imita-

1004 970 1096 1006 tionis
1134 970 1312 1018 exemplum
1355 979 1384 1006 et
1414 970 1598 1017 proficiendi
1633 970 1750 1006 doctri—

1004 1031 1085 1054 nam.
1107 1019 1250 1062 Quorum
1269 1019 1309 1054 de
1331 1019 1440 1054 multis
1462 1019 1576 1067 aliqua,
1600 1032 1751 1055 onerosae

1004 1068 1215 1104 multitudinis
1236 1068 1379 1104 vitandae
1401 1070 1510 1116 gratia,
1533 1069 1636 1104 brevis
1653 1070 1751 1104 series

1003 1118 1163 1153 reserabit.

1051 1168 1071 1215 g
1099 1171 1129 1201 7.
1154 1167 1299 1210 Quodam
1327 1167 1482 1215 siquidem
1505 1166 1661 1202 edulitatis
1676 1176 1749 1202 tem
1763 1177 1852 1238 pfcglius
1871 1185 1906 1232 ΞΠ
1910 1179 1947 1232 ιιο-

1002 1265 1161 1314 lnoplnala
1188 1274 1397 1301 concurrente
1418 1266 1547 1313 inopum
1570 1267 1672 1314 copia
1700 1279 1750 1314 pa·
1762 1242 1878 1300 l’oecl'l'lglem
1893 1249 1946 1270 9³⁰

1004 1229 1087 1272 pore
1103 1217 1142 1251 ad
1165 1217 1305 1252 eiusdem
1333 1216 1414 1252 beati
1438 1216 1494 1251 vrri
1516 1216 1747 1273 eleemosynam

1003 1328 1075 1351 nem
1103 1328 1155 1363 qut
1178 1315 1217 1350 ad
1245 1315 1414 1362 nonaginta
1442 1315 1645 1350 refectionem
1675 1328 1750 1363 pau-

1003 1377 1126 1412 perum,
1148 1363 1369 1400 distributione
1391 1364 1481 1400 solita
1500 1365 1678 1421 extimatus,
1700 1377 1750 1400 oc-

1001 1415 1156 1449 currentis
1183 1413 1396 1449 multitudinis
1423 1414 1474 1449 vix
1496 1415 1572 1462 parti
1603 1415 1749 1450 minimae

1002 1463 1238 1499 concurrebat
1231 1476 1262 1498 ιιι
1290 1475 1433 1505 numero,
1455 1464 1543 1498 vivus
1570 1463 1674 1504 Panis,
1694 1465 1747 1512 qui

1001 1512 1040 1548 de
1066 1513 1154 1549 coelo
1172 1512 1349 1553 descendit,
1375 1512 1442 1547 ad
1435 1513 1535 1560 ipsius
1558 1513 1748 1548 benedictio-

1002 1575 1075 1598 nem
1097 1562 1257 1598 abundare
1271 1561 1371 1597 fecit
1364 1574 1394 1596 ιιι
1412 1570 1544 1607 tantum,
1563 1562 1646 1610 quod
1665 1575 1749 1610 prae-

1002 1620 1048 1646 ter
1061 1612 1293 1647 extimationem
1310 1611 1492 1656 astantium,
1516 1611 1641 1647 refectis
1655 1612 1750 1647 abun-

215 1666 248 1694 et
280 1659 389 1695 ferreis
423 1669 582 1708 pungente
617 1661 753 1696 stimulis
778 1674 812 1696 se
840 1661 959 1696 nudum
1002 1661 1040 1696 de
1074 1661 1137 1696 fere
1170 1660 1270 1695 tribus
1297 1660 1435 1695 millibus
1465 1673 1640 1708 pauperum
1673 1673 1750 1696 con-

216 1709 454 1756 comprimendo
468 1710 627 1757 repressit,
649 1709 840 1765 loricamque
855 1723 962 1758 super·
1002 1717 1106 1745 suetas
1133 1709 1350 1764 recipientium
1379 1710 1550 1764 portiones,
1569 1710 1608 1745 de
1629 1722 1749 1758 super—

216 1757 372 1803 induens,
404 1771 489 1794 arma
531 1759 750 1794 macerationis
782 1759 904 1793 adiecit
933 1759 961 1794 Ο
1002 1771 1059 1794 nae
1085 1758 1274 1794 abundantia
1308 1758 1435 1805 pictatis
1471 1759 1748 1807 superabundave-

215 1807 386 1854 pugnantis
411 1815 501 1842 cauta
523 1808 685 1854 sagacitas,
707 1820 863 1855 sagaxque
886 1821 982 1844 cau-

215 1854 310 1912 tbela,
331 1868 349 1891 o
370 1856 463 1892 dolus
477 1857 606 1891 bonus
600 1870 630 1891 tn
650 1857 786 1892 hostem!
813 1858 868 1893 Sic
883 1870 960 1892 ama-

217 1906 260 1940 vit
285 1906 514 1951 adversarium,
542 1914 575 1941 ut
597 1908 692 1942 armis
718 1906 892 1942 debilitaret
911 1920 961 1942 nr-

216 1962 347 1994 matum,
369 1967 441 1990 cum
460 1934 620 1992 debilitato
634 1969 743 1991 secure
765 1957 960 2003 confligeret,

218 2005 247 2039 in
270 2004 415 2040 conflictu
443 2005 579 2052 quietius
605 2006 755 2050 vinceret,
782 2007 820 2041 de
842 2016 960 2042 armato

218 2054 389 2089 virtuosius
411 2055 569 2090 victoriam
597 2054 760 2090 obtineret.
788 2056 874 2090 Haec
901 2057 961 2090 mi-

218 2104 324 2145 randa,
351 2103 428 2139 baec
452 2104 604 2139 laudanda
632 2104 704 2139 belli
728 2105 870 2149 victoria,
898 2118 959 2140 non

219 2154 249 2187 in
283 2154 442 2189 exercitus
471 2153 689 2198 multitudine,
720 2155 772 2189 sed
806 2154 845 2190 de
873 2155 961 2190 coelo

218 2203 346 2238 veniens
380 2203 538 2238 fortitudo.
578 2203 645 2238 Hoc
679 2216 758 2250 opus
784 2203 894 2248 Illius,
930 2205 959 2238 in

219 2252 312 2287 cuius
343 2261 514 2300 conspectu
554 2265 614 2286 non
647 2260 694 2287 est
720 2253 894 2288 differentia
930 2254 960 2288 in

219 2301 325 2337 multis
345 2302 474 2338 liberare
504 2302 548 2337 vel
571 2303 687 2349 paucis.
715 2302 783 2337 Hoc
811 2315 891 2350 opus
915 2303 962 2337 ll—

218 2351 290 2393 lius,
317 2352 368 2399 qui
391 2351 499 2387 docuit
525 2352 682 2386 lucernam
713 2364 877 2387 accensam
900 2365 960 2387 non

219 2402 293 2448 poni
321 2400 380 2436 sub
401 2401 517 2442 modio,
546 2400 601 2436 sed
638 2401 824 2436 candelabro
851 2414 962 2449 super-

220 2451 303 2497 poni.
338 2450 406 2486 Hoc
431 2450 518 2486 Illius
550 2463 650 2498 opus,
677 2451 730 2497 qui
757 2450 841 2498 quod
867 2451 962 2486 verbo

219 2499 337 2540 (locuit,
361 2512 455 2547 opere
485 2501 515 2535 in
538 2500 575 2535 B.
599 2499 757 2535 Richardo
784 2500 961 2547 complevit.

220 2548 290 2596 lpse
312 2549 395 2584 enim
411 2549 503 2585 Pater
533 2550 700 2590 luminum,
724 2549 776 2596 qui
802 2549 886 2584 dedit
909 2562 964 2597 per

221 2598 365 2634 tenebras
405 2599 513 2634 mundi
553 2599 648 2634 liuius
685 2598 716 2633 in
751 2611 809 2634 suo
846 2599 963 2634 lumine

980 1811 1075 1843 'runt
1103 1817 1217 1855 partes,
1239 1820 1318 1855 quae
1341 1808 1516 1844 secundum
1544 1809 1685 1844 eamdem
1704 1809 1749 1844 di-

1001 1857 1240 1904 stributionem,
1281 1864 1407 1892 centum
1447 1858 1550 1894 adhuc
1591 1870 1748 1907 pauperes

1002 1908 1192 1943 refecissent.

1050 1957 1070 2004 g
1092 1960 1124 1992 8.
1147 1956 1206 1991 Hic
1227 1956 1426 1993 resolutionis
1447 1957 1495 1992 sui
1515 1959 1658 2006 corporis
1673 1965 1750 1993 tem-

1002 2019 1076 2054 pore
1099 2006 1342 2054 propinquante,
1369 2017 1424 2053 per
1451 2006 1558 2054 plures
1584 2007 1653 2042 dies
1679 2015 1750 2042 ante

1002 2056 1108 2091 boram
1144 2056 1252 2090 mortis
1289 2063 1427 2101 certam,
1465 2056 1537 2092 licet
1576 2057 1643 2104 ipsa
1671 2056 1748 2091 nihil

1002 2106 1171 2145 incertius,
1196 2105 1266 2140 facti
1288 2104 1456 2141 subsecuta
1479 2106 1606 2141 veritate
1628 2106 1746 2141 dictum

1002 2155 1204 2199 certificante,
1227 2154 1389 2201 praedixit.

1050 2204 1070 2251 S
1096 2207 1130 2239 9.
1156 2204 1232 2239 Post
1253 2204 1344 2238 cuius
1367 2204 1544 2243 transitum,
1573 2217 1687 2251 corpus
1707 2204 1748 2252 ip-

1001 2253 1066 2288 sius
1093 2261 1183 2288 antea
1215 2260 1376 2299 gravatum
1410 2253 1535 2299 vigiliis,
1562 2261 1661 2288 terrae
1688 2253 1749 2288 du-

1003 2302 1084 2346 ritia,
1110 2303 1141 2337 in
1163 2314 1224 2349 qua
1238 2301 1418 2357 frequenter
1438 2302 1558 2338 solebat
1580 2302 1747 2347 decubare,

1003 2352 1210 2396 confractum,
1243 2351 1371 2386 ieiuniis
1406 2359 1607 2393 maceratum,
1645 2364 1748 2387 mace-

1005 2400 1177 2437 rationibus
1212 2399 1319 2436 multis
1345 2400 1511 2439 afflictum,
1545 2409 1666 2448 praeter
1686 2401 1748 2436 bu-

1004 2463 1131 2486 manum
1158 2461 1296 2490 morem,
1330 2449 1552 2485 nitidissimum
1583 2453 1747 2498 apparuit.

1005 2508 1038 2535 ut
1062 2499 1248 2547 probaretur
1276 2499 1432 2547 pressuris
1459 2498 1572 2534 talibus
1599 2511 1660 2535 non
1683 2512 1748 2548 op-

1005 2561 1162 2597 pressum,
1191 2548 1247 2584 sed
1270 2548 1375 2596 potius
1396 2548 1580 2596 expolitum.

1053 2599 1072 2646 S
1103 2601 1156 2633 to.
1186 2598 1233 2633 Ad
1262 2598 1361 2646 ipsius
1396 2599 1636 2640 invocationem,
1671 2611 1748 2634 con-

1767 223 1816 249 An,
1834 221 1864 248 C.
1882 222 1942 249 ¹261

1776 1966 1852 1989 Horam
1874 1969 1946 1988 mortis

1764 1998 1873 2025 praedicit.

1778 2213 1825 2235 Eiu·
1871 2218 1945 2235 mortni

1763 2246 1859 2272 corporis
1899 2246 1944 2272 pul-

1764 2276 1860 2296 ehi-itudo
