2129 3223
627 321 939 398 LECTORI
974 320 1348 398 BENEVOLO

354 556 859 598 TAURINENSES
896 554 1243 595 BULLARII
1275 554 1627 594 EDITORES

191 966 317 1049 Bene
348 1006 481 1048 habet.
514 1005 697 1047 Tertium
723 1004 851 1045 Mmm
881 1004 1058 1044 Burman
1089 1003 1239 1043 Romam
1273 1001 1475 1051 volumen.
1495 1010 1746 1058 compactum
1765 1011 1801 1042 ct

190 1087 400 1130 ornatum,
434 1078 542 1136 typis
574 1078 721 1118 nostris
768 1091 956 1117 excusum
997 1075 1128 1114 minus
1162 1074 1337 1130 profecto
1379 1081 1610 1115 cunctanter
1649 1074 1803 1114 duobus

191 1151 407 1208 prioribus,
442 1150 583 1191 Lector
615 1146 822 1199 benevole,
856 1146 1111 1202 amplectere.
1137 1144 1269 1197 Quod,
1287 1144 1397 1186 nulla
1423 1146 1653 1201 interposita
1678 1161 1801 1196 mora7

193 1229 381 1277 quartum
413 1221 595 1275 excipiet,
624 1220 673 1260 ad
705 1225 869 1269 metam,
902 1224 1096 1272 quantum
1115 1223 1261 1271 potest,
1282 1217 1545 1272 properaturi.
1566 1216 1607 1256 ln
1637 1231 1682 1256 eo
1701 1218 1804 1256 enim

189 1308 332 1333 nervos
349 1307 422 1332 nos
454 1306 593 1332 omnes
626 1290 871 1330 intendimus
902 1295 948 1328 ut
980 1303 1080 1343 opus
1114 1302 1322 1343 magnum,
1350 1302 1400 1328 ne
1433 1288 1611 1328 dicamus
1643 1289 1808 1328 immen-

191 1379 295 1416 sum,
327 1380 406 1404 non
439 1364 558 1404 modo
591 1363 632 1402 in
663 1376 775 1402 sacra
807 1361 936 1400 studia
969 1360 1309 1411 incumbentibus,
1343 1374 1481 1400 verum
1526 1367 1565 1400 et
1597 1375 1807 1415 germanae

191 1436 380 1477 historiae
402 1436 541 1491 reique
573 1433 853 1489 diplomaticae
886 1431 1105 1473 cultoribus
1138 1432 1306 1473 maxime
1337 1432 1608 1487 profuturum,
1631 1433 1699 1471 diu
1728 1447 1806 1472 uon

193 1506 532 1562 praestolarentur
565 1506 723 1547 eruditi.
756 1505 837 1545 Iter
880 1519 1053 1559 namque
1100 1503 1391 1559 occipientibus
1423 1503 1538 1543 nobis
1570 1502 1721 1543 lubrica
1773 1511 1810 1543 et

191 1577 393 1619 salebrosa
424 1579 502 1629 via„
534 1577 645 1618 haud
677 1591 804 1632 pauca
821 1590 982 1616 necesse
1000 1575 1075 1615 fuit
1091 1573 1331 1615 offendicula
1363 1583 1630 1615 occurrerent:
1665 1574 1809 1629 quibus

190 1650 351 1689 tandem
382 1647 595 1703 aliquando
627 1647 792 1699 abactis,
824 1646 967 1700 ecquid
993 1646 1124 1685 adhue
1146 1660 1220 1686 nos
1240 1646 1490 1685 moraretur?
1518 1644 1634 1694 Quod
1653 1660 1698 1685 eo
1716 1660 1809 1685 sane

189 1721 372 1771 dicimus,
405 1735 454 1760 ne
486 1735 650 1774 prorsus
683 1719 890 1760 Lectorem
924 1724 1163 1772 praetereat,
1197 1732 1340 1757 manus
1372 1732 1445 1757 nos
1478 1717 1588 1772 operi
1607 1717 1811 1772 imponen-

193 1800 267 1843 tes⁷
298 1790 492 1847 plurimas
524 1790 777 1832 difficultates
810 1798 948 1831 nactos
981 1790 1099 1830 fuisse
1132 1790 1460 1844 adversariosque
1493 1796 1675 1844 expertos
1699 1793 1812 1844 (quos

196 1872 240 1904 ut
269 1878 406 1904 cavere
438 1864 584 1915 decuit,
617 1864 673 1904 sic
705 1864 845 1903 timere
877 1878 958 1902 non
991 1862 1155 1914 decuit)³
1190 1862 1308 1916 idque
1336 1876 1462 1916 genus
1494 1860 1585 1912 alia,
1609 1862 1716 1917 {quae
1742 1876 1811 1900 nec

197 1935 417 1991 praevideri
447 1942 626 1990 potuere,
658 1950 735 1975 nec
757 1935 842 1975 sine
874 1934 1068 1974 industria
1100 1941 1140 1974 et
1171 1932 1308 1973 labore
1349 1934 1571 1973 cunctando
1605 1933 1720 1972 vinci.

254 2006 362 2046 Haec
383 2006 498 2045 nobis
530 2006 571 2045 in
602 2006 734 2060 operis
766 2003 903 2044 limine
936 2005 1097 2044 infesta:
1128 2010 1305 2044 attamen
1331 2018 1412 2042 non
1444 2004 1602 2044 defuere
1620 2003 1807 2052 secunda.

196 2091 389 2132 prospera
409 2091 490 2116 non
515 2077 669 2117 desunt.
705 2075 924 2116 Sublevant
961 2076 1068 2115 enim
1100 2090 1173 2115 nos
1205 2081 1464 2129 recreantque
1496 2074 1536 2115 S.
1569 2074 1615 2114 R.
1644 2068 1686 2114 E.
1724 2088 1809 2113 am-

196 2146 468 2203 plissimorum
499 2145 775 2187 Cardinalium
806 2147 933 2196 favor3
968 2144 1329 2185 illustrissimorum
1355 2160 1426 2199 per
1457 2143 1614 2185 Italiam
1640 2151 1679 2184 et
1702 2151 1810 2184 extra

203 2218 505 2260 consistentium
550 2217 838 2272 Episcoporum
884 2215 1269 2266 cominendationes3
1316 2214 1629 2254 Eminentissimi
1680 2213 1811 2254 GAan

202 2288 441 2340 Cardinalis‚
466 2287 613 2343 Operis
644 2289 817 2344 patroni,
850 2286 1017 2342 pervigil
1046 2302 1161 2339 eura,
1196 2284 1385 2337 consilia,
1420 2286 1620 2341 auspicia3
1652 2285 1737 2325 DD.
1772 2286 1812 2324 in

199 2362 297 2403 urbe
318 2362 402 2403 VV.
434 2361 669 2411 Consessus‚
691 2360 940 2415 praesidente
967 2359 1299 2400 reverendissimo
1319 2358 1363 2398 P.
1387 2358 1434 2398 D.
1456 2356 1621 2415 Aloysio
1641 2358 1809 2399 Tomas—

209 2432 316 2485 seui,
333 2431 479 2473 Antist.
498 2431 616 2471 Dom.
641 2430 808 2482 Pontis„
836 2430 1034 2480 studium·7
1057 2444 1101 2469 ac
1129 2430 1289 2469 demum
1311 2428 1561 2469 consentiens
1583 2427 1670 2468 laus
1687 2428 1813 2468 hono-

206 2519 296 2545 rum
310 2521 321 2555 3
335 2505 643 2559 incorruptaque
659 2517 734 2542 vox
750 2502 851 2542 hene
869 2502 1130 2542 iudicantium
1150 2502 1218 2553 (¹1).
1239 2499 1350 2549 Quae
1368 2500 1501 2540 omnia
1517 2498 1699 2540 stimulos
1717 2515 1816 2555 quo-

243 2602 283 2637 (1)
299 2603 417 2636 Longum
434 2601 501 2628 foret
521 2601 627 2628 nomina
644 2607 737 2627 eorum
754 2603 876 2627 retexere
893 2600 938 2634 qui
955 2600 988 2626 de
1004 2600 1053 2626 hac
1068 2603 1158 2626 nostra
1175 2598 1289 2626 editione
1301 2598 1390 2624 verbis
1405 2598 1583 2633 amplissimis,
1595 2602 1675 2633 atque
1690 2598 1818 2625 catholico

207 2650 366 2685 eruditoque
382 2650 441 2676 viro
460 2649 555 2684 dignis,
574 2648 678 2683 loquuti
699 2651 775 2674 sunt:
793 2648 901 2675 honoris
917 2655 1009 2674 caussa
1029 2648 1198 2675 nominamus
1217 2647 1248 2673 cl.
1268 2655 1295 2674 v.
1317 2646 1454 2681 Aloysium
1471 2646 1595 2679 Veuillot,
1613 2646 1731 2673 Lutetiae
1747 2646 1820 2672 Pari-

207 2698 325 2730 siorum,
346 2701 373 2724 et
391 2698 417 2725 S.
436 2698 485 2724 Th.
503 2697 574 2724 doct.
588 2697 714 2724 Iacobum
732 2697 866 2731 turgotti,
885 2698 1020 2731 Augustae
1036 2696 1225 2727 Taurinorum,
1242 2703 1357 2730 quorum
1375 2698 1488 2729 uterque
1500 2714 1507 2727 ‚
1535 2694 1576 2721 ille
1597 2695 1621 2720 in
1647 2694 1820 2730 ephemeride

208 2746 250 2773 eui
268 2746 360 2773 titulus
378 2746 530 2779 llvnivers,
546 2745 589 2772 hic
606 2746 632 2772 in
646 2753 676 2773 ea
694 2753 763 2780 quae
781 2745 940 2772 L‘Armonia
956 2744 1064 2776 dicitur,
1085 2751 1235 2771 sermonem
1251 2743 1285 2771 de
1300 2744 1358 2779 ipso
1375 2751 1455 2778 opere
1472 2742 1633 2770 habuerunt.
