2129 3223
130 252 176 279 An.
196 254 223 279 C.
244 253 306 279 {22¹4

374 243 442 275 404

324 307 506 342 decessores
536 308 594 346 tui,
622 318 684 340 uon
731 305 879 340 adhibitis
927 304 1071 341 testibus.

324 368 557 394 consueverunt
592 371 668 394 suos
698 358 856 394 celebrare
882 365 1072 397 contractus,

325 412 462 447 volentes
509 412 706 448 indemnitati
753 413 822 448 eius
866 413 1072 459 imposterum

326 477 531 511 praecavere,
574 467 751 501 districtius
789 466 993 502 inhibemus,
1035 477 1073 499 ue

324 527 505 554 contractus
538 521 636 567 ipsius
663 521 824 556 Ecclesiae
853 522 923 555 siue
950 520 1075 555 adhibi·

324 574 409 608 tione
437 575 564 609 testium
592 575 631 609 de
658 583 782 610 caetero
803 574 1018 614 celebrentur,
1046 582 1075 609 et

324 627 348 659 si
371 627 424 673 qui
444 628 557 663 amodo
572 628 643 663 facti
665 628 791 668 fuerint,
811 628 929 663 viribus
950 636 1076 663 careant

326 688 485 727 tamquam
508 690 614 716 contra
631 681 849 717 inhibitionem
872 681 1075 729 apostolicam

326 735 476 769 attentati.
500 734 710 769 Decernimus
737 748 824 781 ergo,
853 743 885 770 ut
914 735 988 770 nulli
1013 748 1078 771 om-

328 787 403 821 uino
437 788 601 823 hominum
637 789 727 823 liceat
759 788 926 836 praefatam
962 789 1077 824 Eccle—

327 841 403 875 siam
431 850 549 877 temere
585 842 792 889 perturbare,
819 851 872 877 aut
899 843 968 878 eius
998 856 1077 889 pos-

325 895 483 931 sessiones
516 896 661 941 aufewe,
693 896 738 931 vel
767 896 884 931 ablatas
920 899 1078 941 retinere,

327 949 492 989 minuere,
531 962 587 985 seu
626 949 823 998 quibuslibet
860 951 1080 986 vexationibus

328 1002 474 1049 fatigare3
501 1004 556 1037 sed
579 1004 683 1038 omnia
707 1004 827 1049 integra
851 1013 1080 1040 conserventur

328 1068 450 1095 eorum,
473 1068 530 1103 pro
548 1068 683 1103 quorum
706 1057 935 1103 gubernatione
952 1070 986 1093 ac
1008 1059 1079 1093 sub-

328 1110 515 1144 stentatione
541 1121 691 1144 concessa
719 1117 793 1144 suut
827 1110 938 1145 usibus
973 1113 1079 1146 omni-

329 1163 431 1197 modis
459 1163 635 1210 profutura,
657 1164 739 1198 salva
767 1164 859 1199 Sedis
881 1165 1079 1212 Apostolicae

328 1217 523 1251 auctoritate.
546 1215 580 1251 Si
603 1228 663 1264 qua
692 1217 786 1263 igitur
809 1217 838 1251 in
863 1217 1005 1253 futurum
1027 1231 1081 1255 ec-

329 1269 516 1310 clesiastica,
534 1270 744 1305 saecularisve
767 1283 900 1318 persona
924 1272 1005 1307 hanc
1023 1286 1082 1308 uo-

329 1332 412 1372 strae
430 1324 669 1359 constitutionis
683 1325 828 1372 paginam
842 1325 957 1366 sciens,
973 1336 1081 1362 contra

331 1390 399 1412 eam
432 1385 551 1412 temere
587 1378 694 1413 venire
725 1380 915 1424 tentaverit,
941 1381 1082 1416 secundo

332 1431 464 1466 tertione
491 1432 705 1471 commonita,
738 1433 796 1467 nisi
830 1441 950 1468 reatum
988 1447 1080 1470 suum

331 1501 469 1535 congrua
493 1489 705 1525 satisfactione
732 1492 918 1532 correxerit,
943 1500 1082 1539 potesta-

332 1547 382 1588 tis,
398 1547 591 1595 honorisque
609 1549 657 1583 sui
680 1557 783 1583 careat
803 1549 968 1594 dignitate,
985 1563 1083 1586 ream-

331 1617 394 1651 que
423 1617 457 1640 se
483 1605 590 1640 divino
619 1606 738 1640 iudicio
778 1608 911 1643 existere
944 1609 983 1643 de
1011 1622 1082 1655 per-

333 1669 449 1708 petrata
472 1662 637 1710 iniquitate
664 1674 848 1710 cognoseat7
871 1675 901 1701 et
928 1679 943 1700 a
977 1679 1083 1703 sacra-

331 1720 454 1755 tissimo
489 1719 631 1768 Corpore
672 1730 702 1757 et
735 1722 898 1769 Sanguine
932 1725 1008 1770 Dei,
1047 1739 1083 1762 ac

334 1777 459 1813 Domini
487 1777 712 1826 Redemptoris
735 1780 839 1815 Nostri
862 1781 935 1816 lesu
963 1782 1081 1819 Christi

331 1837 432 1871 aliena
468 1836 537 1878 fiat,
572 1846 667 1886 atque
701 1839 730 1873 in
766 1849 907 1875 extremo
939 1843 1083 1878 examine

332 1895 493 1930 districtae
521 1896 680 1932 subiaceat
716 1897 839 1932 ultioni.
870 1898 1003 1935 Cunctis
1032 1913 1081 1936 au-

334 1961 394 1988 tem
418 1953 519 1989 eidem
548 1954 617 1990 loco
644 1968 701 1990 sua
724 1956 789 1990 iura
818 1958 1018 1994 servantibus
1044 1960 1082 1994 sit

333 2023 391 2059 pax
425 2011 552 2047 Domini
580 2012 685 2049 Nostri
719 2013 790 2049 lesu
822 2015 960 2061 Christi,
995 2031 1083 2065 qua-

333 2077 424 2104 tenus
446 2079 475 2105 et
501 2070 551 2120 hic
574 2071 709 2106 fructum
733 2072 834 2108 bonae
855 2075 987 2111 actionis
1016 2090 1084 2124 per·

332 2128 460 2175 cipiant‚
479 2137 509 2163 et
527 2129 612 2177 apud
635 2130 812 2166 districtum
834 2132 974 2168 Iudicem
998 2148 1084 2181 prae·

333 2187 395 2221 mia
417 2194 563 2223 aeternae
590 2189 674 2235 pacis
696 2190 864 2225 inveniant.
895 2192 1006 2227 Amen.

384 2245 498 2280 Datum
524 2246 670 2282 Laterani
699 2260 753 2293 per
781 2260 908 2284 manum
943 2252 1081 2297 magistri

333 2302 490 2338 Guidonis
517 2304 636 2339 domini
661 2304 764 2353 Papae
791 2308 919 2351 notarii,
943 2310 1083 2345 secundo

334 2361 404 2396 idus
427 2362 512 2403 maii,
535 2362 705 2398 indictione
728 2364 928 2410 duodecima,
943 2367 1084 2403 iucarna-

335 2421 430 2455 tionis
459 2421 636 2456 dominicae
658 2434 741 2457 anno
769 2423 936 2459 millesimo
961 2425 1083 2461 ducen-

335 2480 446 2514 tesimo
474 2480 754 2527 vigesimoquarto.
779 2482 980 2529 pontificatus
1011 2495 1084 2518 vero

336 2539 453 2574 domini
477 2539 608 2574 Honorii
627 2540 732 2588 Papae
753 2542 836 2577 tertii
859 2554 941 2577 anno
963 2551 1081 2577 octavo.

375 2606 435 2637 Dal.
457 2610 501 2639 oia
523 2610 558 2640 tt
578 2610 645 2640 maii
672 2610 756 2648 122-24,
776 2611 877 2650 pontis.
893 2621 968 2643 anno
985 2621 1043 2644 vm.

919 249 1107 273 unt-[Animi
1127 248 1287 271 ROMANUM

1434 301 1545 336 LXXI.

1119 378 1210 417 Ouod
1236 378 1369 421 abbates,
1390 389 1441 411 seu
1458 378 1575 421 priores
1601 376 1720 409 ordinis
1745 375 1866 409 Gamal-

1164 427 1265 460 dnlen.
1293 438 1313 460 a
1332 427 1588 460 monasteriorum
1608 425 1757 470 regimine
1776 436 1866 458 amo-

1164 476 1264 514 vendi,
1289 488 1339 509 seu
1364 477 1400 509 de
1425 475 1593 509 excessibus
1613 485 1716 508 eorum
1759 474 1867 507 corri—

1163 526 1266 570 gendi,
1296 525 1340 559 ad
1378 525 1599 570 appellationes
1630 523 1866 568 interponendas

1165 575 1291 608 minime
1310 575 1517 608 admittantur
1538 575 1596 616 (1).

1385 645 1601 678 SUMMARtUM

1118 714 1234 745 lnhibet
1257 724 1292 744 ne
1315 713 1437 743 abbates
1456 716 1484 741 et
1509 712 1622 751 priores
1640 711 1709 741 Ord.
1739 711 1868 742 Camald.

1158 769 1173 789 a
1196 759 1341 797 regimine
1365 757 1530 793 amovendi,
1555 765 1608 786 seu
1630 756 1666 786 de
1698 755 1868 786 excessibus

1158 803 1337 841 corrigendi,
1352 802 1559 841 appellationis
1577 800 1764 831 obstaculum
1780 799 1871 830 inter-

1158 853 1276 887 ponant.

1118 918 1248 948 Honorius
1267 918 1410 954 opiscopus
1428 923 1523 946 servus
1535 923 1676 946 servorum
1684 916 1742 950 Det.
1761 915 1872 945 dilectis

1163 966 1230 996 filiis
1240 966 1338 1003 priori,
1348 967 1378 995 et
1397 966 1537 995 conventui
1548 964 1743 998 camaldulen„
1755 964 1873 994 satutem

1164 1018 1193 1045 et
1211 1015 1392 1052 apostoticam
1406 1015 1630 1044 benedictionem.

1170 1082 1218 1118 Ex
1241 1089 1328 1130 parte
1349 1090 1448 1117 vestra
1471 1081 1528 1116 fuit
1546 1081 1744 1129 propositum
1766 1094 1870 1117 coram

1124 1132 1228 1173 nobis,
1245 1131 1330 1179 quod
1349 1131 1530 1178 frequenter
1552 1130 1680 1175 accidit,
1701 1130 1786 1178 quod
1799 1143 1872 1166 cum

1122 1182 1245 1228 aliquos
1267 1180 1360 1216 vultis
1375 1180 1516 1220 abbates,
1542 1191 1599 1215 seu
1621 1180 1743 1227 priores
1768 1180 1871 1216 ordini

1124 1241 1227 1265 vestro
1248 1230 1408 1265 subiectos
1435 1240 1579 1264 amovere
1611 1241 1627 1263 a
1666 1229 1873 1265 monasterio-

1124 1293 1192 1315 rum
1228 1279 1392 1326 regimine,
1431 1279 1479 1313 vel
1514 1278 1554 1313 de
1591 1281 1658 1314 suis
1692 1279 1874 1314 excessibus

1124 1330 1288 1374 castigare,
1310 1328 1392 1363 sicut
1420 1327 1564 1363 eiusdem
1590 1327 1721 1373 exigunt
1753 1327 1873 1364 ordinis

1127 1379 1280 1423 instituta,
1311 1377 1407 1413 iidem
1435 1385 1469 1412 ut
1498 1377 1681 1412 canonicam
1703 1377 1873 1413 correctio-

1125 1440 1195 1462 nem
1223 1427 1381 1461 eludant
1375 1439 1406 1461 in
1429 1438 1536 1461 vocem
1570 1425 1790 1474 appellationis
1823 1427 1874 1462 fri-

1125 1476 1192 1511 vole
1215 1489 1287 1510 mox
1312 1483 1535 1530 prorumpuut3
1561 1475 1725 1511 occasione
1755 1475 1874 1512 huius-

1125 1526 1208 1559 modi
1233 1537 1287 1559 ios
1309 1533 1339 1559 et
1366 1524 1579 1564 monasteria,
1614 1536 1696 1571 quae
1734 1537 1750 1559 a
1784 1525 1874 1561 vobis

1125 1582 1284 1613 tenentur
1314 1573 1422 1609 multis
1459 1573 1608 1620 expensis
1649 1583 1680 1609 et
1715 1573 1874 1611 laboribus

1126 1623 1300 1668 fatigantes.
1324 1623 1429 1665 Quare
1447 1621 1611 1657 humiliter
1649 1622 1873 1679 supplicastis

1126 1680 1159 1706 ut
1185 1684 1256 1707 cum
1291 1672 1333 1706 illi
1368 1672 1406 1706 ad
1445 1671 1662 1707 defensionem
1699 1672 1874 1727 iniquitatis

1126 1730 1292 1768 usuiQpent
1320 1720 1402 1768 quod
1425 1721 1463 1756 ad
1493 1720 1684 1776 praesidium
1713 1721 1874 1757 innocen-

1126 1778 1189 1804 tum
1214 1770 1410 1816 dignoscitur
1427 1771 1619 1811 iustitutum‚
1634 1770 1680 1805 eis
1695 1770 1873 1818 appellandi

1125 1820 1227 1854 taliter
1249 1819 1368 1854 aditum
1407 1819 1611 1867 praecludere
1649 1819 1873 1866 dignaremur;

1126 1869 1199 1916 quia
1226 1880 1301 1915 ergo
1329 1868 1410 1903 sieut
1436 1881 1493 1904 nec
1518 1868 1644 1916 praelati
1668 1869 1769 1904 valent
1805 1870 1874 1906 sine

1125 1930 1217 1952 causa
1244 1930 1372 1964 gravare
1394 1917 1564 1958 subiectos,
1592 1919 1638 1953 sic
1664 1930 1722 1954 nec
1755 1918 1872 1955 subditi

1126 1979 1181 2014 pro
1208 1967 1271 2002 sola
1292 1967 1449 2003 ioluutate
1469 1967 1531 2003 sub
1567 1968 1785 2016 appellationis
1815 1969 1873 2004 ob·

1125 2025 1210 2051 tentu
1234 2017 1462 2052 correctionem
1486 2018 1609 2066 possint
1634 2016 1762 2053 eludere
1788 2031 1874 2066 prae·

1126 2066 1202 2100 lator
1206 2078 1270 2105 um,
1293 2066 1403 2102 vestris
1420 2066 1706 2127 supplicationibus
1719 2067 1871 2114 inclinati,

1124 2119 1308 2154 auctoritate
1340 2121 1552 2167 praesentium
1579 2121 1720 2157 districte
1746 2121 1871 2157 inhibe-

1125 2185 1206 2212 mus
1240 2185 1279 2208 ne
1311 2182 1419 2208 contra
1454 2187 1508 2209 vos
1544 2187 1562 2210 a
1598 2175 1730 2222 regulari
1764 2188 1871 2212 corre-

1125 2226 1228 2261 ctione
1255 2226 1402 2273 praedicti
1433 2227 1563 2263 abbates
1588 2237 1620 2262 et
1656 2228 1776 2288 priores
1813 2242 1870 2276 ap-

1126 2279 1303 2325 pellationis
1320 2280 1517 2316 obstaculum
1532 2289 1648 2317 temere
1660 2282 1868 2328 interponant.

1125 2332 1208 2367 Nulli
1231 2346 1306 2381 ergo
1333 2336 1464 2370 omnino
1491 2335 1653 2370 hominum
1682 2336 1773 2371 liceat
1790 2336 1870 2373 hanc

1126 2389 1270 2432 paginam
1305 2396 1428 2422 nostrae
1462 2388 1656 2423 inhibitionis
1698 2389 1871 2437 iufringere

1127 2439 1174 2474 vel
1197 2441 1223 2474 ei
1248 2453 1325 2475 ausu
1344 2443 1510 2478 temerario
1532 2443 1698 2490 contraire.
1730 2442 1763 2486 Si
1798 2444 1872 2492 quis

1125 2501 1228 2527 autem
1246 2493 1306 2529 hoc
1331 2502 1483 2532 attentare
1509 2498 1762 2544 praesumpserit,
1790 2497 1872 2533 indi-

1125 2548 1305 2593 gnationem
1328 2551 1553 2597 omnipotentis
1575 2549 1630 2585 Dei
1653 2562 1689 2586 ac
1711 2551 1870 2588 beatorum

1161 2618 1199 2652 (l)
1216 2618 1254 2645 Ex
1272 2619 1376 2654 Regest.
1396 2619 1477 2646 Varie.

1876 244 1925 271 Au.
1941 243 1969 271 C.
1987 243 2054 270 ΗΜ

1898 2026 1983 2048 inhibet
1995 2031 2024 2049 no
2034 2028 2069 2049 ab·

1885 2058 1945 2079 bate·
1954 2060 1975 2079 et
1986 2059 2068 2085 priore·

1884 2087 1934 2109 Ore.
1949 2087 2041 2110 Gamala
2057 2096 2068 2110 s

1884 2119 1987 2145 regimine
2008 2125 2065 2141 zuo-

1884 2151 1960 2176 vendi,
1982 2156 2021 2172 seu
2042 2151 2068 2173 de
2104 2153 2107 2155 ’

1884 2181 2008 2203 excessibus
2017 2187 2067 2204 eor-

1882 2212 1972 2238 figendi,
1992 2213 2066 2240 appet-

1882 2242 1903 2263 la
1905 2243 1968 2264 tionis
1994 2243 2066 2264 obsta-

1883 2272 1952 2294 culum
1969 2274 2067 2302 intono<

1882 2306 1940 2325 nant
