2129 3223
113 239 164 266 An*
179 238 208 265 C.
228 239 294 264 ¹26ss

127 540 154 562 De
184 539 296 563 locutorio,

113 575 178 593 erate.
216 572 298 591 horum-

114 609 124 623 n
135 608 152 622 ie
169 603 270 622 eustodia.

134 2001 163 2022 De
194 2006 252 2022 crate
282 2002 306 2022 ad

134 2034 302 2053 communtonem

122 2064 287 2089 suscipiendam.

361 227 429 260 716

312 291 441 326 modum
466 287 672 330 remunitum,
694 286 784 325 clavi,
807 285 886 320 seris
913 292 943 319 et
965 295 1058 331 repa-

310 341 392 387 gulis
419 338 614 373 extrinsecus
642 343 828 371 remuretur.

600 410 681 446 Cn».
715 412 767 445 16.

359 484 567 519 Locutorium
590 489 694 517 autem
726 492 895 516 commune
928 480 959 515 in
984 492 1060 526 cap-

313 534 405 581 pella,
441 533 488 568 vel
524 531 629 579 potius
662 531 692 565 in
715 530 863 570 claustro,
892 529 943 564 ubi
970 541 1059 563 com-

312 583 438 618 modius
466 590 497 617 et
519 581 684 616 honestius
710 579 776 614 fieri
807 579 930 626 poterit,
953 577 1057 624 dispo-

313 641 421 675 natur,
448 643 500 675 ne,
533 631 558 666 si
601 630 679 665 sorte
717 629 805 663 lieret
841 629 870 662 in
906 627 1059 674 cappella,

312 693 420 729 pacem
448 681 605 715 orantium
641 679 803 725 inquietet.
833 677 937 723 lpsum
971 677 1058 711 locu-

311 732 426 765 torium
461 730 501 764 sit
527 739 686 773 congruae
713 727 908 774 quantitatis,
941 726 980 759 de
1015 726 1060 760 la-

311 781 394 815 mina
418 780 516 814 ferrea
538 777 695 812 subtiliter
718 776 884 823 perforata,
906 782 937 809 et
959 774 1060 809 taliter

310 829 407 864 clavis
442 827 550 863 ferreis
584 833 737 872 coaptata,
768 824 852 872 quod
885 835 1058 870 numquam

310 878 411 913 valeat
445 877 570 924 aperiri.
607 875 655 910 Sit
687 885 814 922 quoque
845 874 911 920 ipsa
945 872 1058 907 lamina

311 927 408 962 clavis
430 926 539 961 ferreis
567 926 598 959 in
628 924 757 970 longum
781 922 938 969 protensis
973 930 1060 956 exte-

312 977 378 1011 rius
398 975 521 1011 fortiter
546 973 752 1008 communita.
775 972 835 1006 Cui
859 983 983 1018 pannus
1010 970 1061 1004 ni-

311 1037 366 1072 ger
403 1025 513 1059 laneus
553 1022 684 1057 interius
726 1020 828 1055 taliter
865 1027 1060 1067 apponatur,

312 1073 397 1121 quod
434 1085 491 1108 nec
523 1083 648 1107 sorores
679 1069 785 1104 videre
811 1077 898 1103 extra
927 1068 1060 1112 valeant,

312 1136 370 1158 nec
400 1122 508 1157 videri.
533 1121 578 1155 Ad
604 1120 686 1155 istud
710 1127 812 1153 autem
835 1118 1025 1153 locutorium
1044 1129 1059 1151 a

311 1171 544 1217 &impletor-io,
576 1169 660 1216 quod
695 1168 756 1202 dici
793 1167 887 1202 debet
918 1175 1062 1213 tempore

312 1222 517 1267 competenti,
548 1230 652 1265 usque
679 1217 716 1251 ad
752 1216 889 1251 Primam
924 1216 985 1250 diei
1011 1228 1062 1250 se-

313 1270 455 1316 quentis,
496 1280 551 1303 seu
589 1275 730 1312 tempore
769 1265 976 1300 comestionis
1014 1265 1061 1299 vel

313 1318 513 1353 dormitionis
527 1318 556 1351 in
572 1323 701 1359 aestate,
714 1323 767 1349 aut
781 1314 910 1361 quando
924 1313 1061 1348 officium

314 1367 489 1402 celebratur
513 1365 590 1409 (nisi
620 1376 674 1410 pro
697 1375 789 1398 causa
817 1363 896 1397 adeo
926 1363 1063 1397 rationa-

314 1416 370 1450 bili
392 1423 423 1449 et
445 1414 636 1453 necessaria,
655 1424 736 1460 quae
758 1411 924 1446 commode
946 1411 1061 1445 differri

315 1476 377 1498 non
418 1464 543 1509 possit),
583 1461 660 1496 nulli
705 1461 826 1496 licitum
867 1461 926 1494 erit
964 1460 1062 1507 loqui.

315 1512 590 1559 Quandocumque
618 1521 690 1544 vero
712 1510 742 1544 in
765 1509 925 1543 concessis
947 1517 1064 1555 tempo-

315 1561 404 1596 ribus
438 1560 554 1608 aliqua,
592 1558 638 1593 vel
674 1558 795 1606 aliquae
829 1558 993 1592 habuerint
1021 1557 1061 1591 ibi

315 1611 414 1656 loqui,
447 1622 519 1644 cum
555 1607 704 1642 modestia
740 1616 770 1642 et
802 1607 982 1641 maturitate
1017 1606 1064 1640 lo-

316 1668 468 1705 quentes,
503 1657 640 1692 breviter
678 1669 710 1690 sc
751 1655 931 1702 expediant,
973 1663 1065 1702 prout

316 1708 418 1742 decet.
439 1706 501 1742 Ubi
524 1718 597 1740 vero
616 1714 742 1752 propter
764 1716 906 1739 sororum
928 1704 1066 1738 multitu-

316 1756 422 1790 dinem
438 1755 597 1789 videbitur
611 1762 838 1802 opportunum,
856 1751 941 1787 aliud
964 1753 1066 1787 simile

316 1804 505 1840 locutorium
528 1816 599 1839 esse
626 1802 738 1850 possit.

609 1878 689 1913 Cap.
720 1879 775 1911 17.

369 1951 526 1984 Volumus
547 1949 652 1989 etiam,
684 1955 717 1982 ut
750 1948 780 1981 in
805 1958 906 1986 mur0,
933 1947 987 1993 qui
1016 1959 1068 1980 so—

323 2012 409 2035 rores
435 1998 543 2034 dividit
568 2009 583 2032 a
607 1996 758 2044 cappella,
781 1996 985 2042 congruentis
1007 1994 1068 2029 sor-

323 2061 392 2084 mae
410 2048 504 2083 cratis
531 2046 628 2081 ferrea
651 2045 833 2084 collocetur,
861 2057 940 2091 quae
968 2045 1007 2078 sit
1032 2056 1069 2078 ex

322 2097 441 2132 crebris
462 2104 493 2132 et
519 2096 630 2143 spissis
653 2095 803 2129 contortis
832 2094 923 2128 lineis
950 2093 1070 2133 ferreis,

323 2146 463 2193 diligenti
487 2153 517 2181 et
538 2144 607 2179 forti
631 2157 725 2192 opere
750 2143 906 2182 fabricata,
925 2150 955 2176 et
976 2141 1071 2176 clavis

324 2196 432 2231 ferreis
459 2195 489 2229 in
517 2194 648 2240 longum
673 2193 830 2240 protensis
852 2191 990 2226 exterius
1009 2190 1072 2224 for-

324 2245 396 2279 titer
428 2244 639 2285 communita,
676 2242 720 2275 vel
749 2253 787 2276 ex
824 2240 939 2274 lamina
974 2240 1071 2274 ferrea

324 2294 428 2341 partis
461 2302 492 2328 et
519 2292 650 2326 minutis
678 2289 884 2325 foraminibus
908 2289 1072 2335 perforata,

325 2354 397 2377 cum
423 2343 578 2390 protensis
612 2340 710 2375 clavis
732 2338 852 2377 ferreis,
888 2347 918 2372 ut
952 2338 1072 2372 dictum

325 2399 383 2430 est,
403 2392 433 2425 in
457 2392 550 2426 cuius
573 2389 711 2424 medium
732 2388 783 2422 fiat
805 2399 905 2422 unum
924 2386 1072 2422 ostiolum

326 2440 365 2474 de
382 2440 499 2475 lamina
521 2439 631 2482 ferrea,
656 2450 711 2485 per
732 2437 816 2485 quod
839 2435 1075 2471 communionis

326 2496 468 2536 tempore
496 2489 594 2535 possit
622 2487 788 2522 intromitti
811 2486 903 2525 calix,
926 2493 956 2519 et
978 2496 1074 2519 sacer-

327 2537 385 2572 dos
424 2537 552 2572 mittens
592 2548 738 2575 manum,
779 2535 877 2583 possit
916 2533 1074 2568 Dominici

328 2584 478 2623 Corporis
497 2585 618 2620 tradere
638 2593 883 2625 sacramentum;
906 2582 989 2630 quod
1012 2582 1077 2629 qui-

897 228 1086 253 naulum
1112 226 1276 251 Romamn!

1099 282 1171 318 dem
1205 281 1284 317 clavi
1311 281 1410 316 ferrea
1443 281 1485 316 sit
1516 292 1642 329 semper
1675 281 1845 325 firmatum,

1100 343 1157 366 nec
1179 331 1351 378 aperiatur,
1383 330 1442 366 nisi
1476 330 1605 377 quando
1631 330 1765 378 proponi
1790 343 1846 367 so-

1100 380 1224 416 roribus
1241 378 1406 426 contigerit
1427 379 1555 414 verbum
1577 379 1650 422 Dei,
1677 379 1724 415 vel
1746 392 1847 416 sacra-

1101 438 1241 465 mentum
1257 428 1412 464 Dominici
1430 427 1583 475 Corporis
1599 429 1779 470 exhibetur,
1794 439 1846 465 aut

1100 492 1171 515 cum
1205 479 1278 526 quis
1313 478 1450 525 aliquam
1484 490 1523 513 ex
1555 478 1716 514 sororibus
1755 491 1844 515 suam

1101 529 1308 576 propinquam
1328 527 1594 574 consanguineam
1621 527 1731 562 videre
1753 529 1844 576 petie-

1100 579 1150 622 rit,
1173 577 1219 613 vel
1240 577 1299 612 alia
1320 588 1414 612 causa
1436 576 1611 611 necessaria
1631 576 1662 611 id
1685 586 1844 624 exposcat,

1100 627 1184 674 quod
1211 626 1371 661 rarissime
1397 626 1448 661 fiat
1474 633 1505 660 et
1526 637 1651 672 semper
1677 625 1715 660 de
1739 626 1846 662 licen-

1101 677 1140 711 tia
1161 676 1347 711 abbatissae.
1369 674 1459 716 Quae
1480 682 1585 709 tamen
1608 675 1639 709 in
1662 675 1749 710 nullo
1771 688 1844 711 casu

1100 726 1227 771 (primis
1247 724 1372 759 duobus
1394 723 1554 758 dumtaxat
1575 724 1724 770 exceptis)
1747 724 1846 760 licen-

1101 776 1173 809 tiam
1201 774 1362 821 largiatur,
1385 773 1444 807 nisi
1467 773 1553 819 prius
1573 773 1705 819 singulis
1725 773 1847 810 vicibus

1100 824 1139 858 de
1165 824 1226 858 hoc
1260 823 1427 857 consilium
1469 822 1592 868 petierit
1627 833 1644 856 a
1677 831 1845 858 conventu.

1101 872 1160 907 Cui
1193 872 1268 907 crati
1303 883 1426 917 pannus
1457 871 1558 905 lineus
1593 871 1682 917 niger
1715 872 1847 907 interius

1102 922 1204 956 taliter
1225 928 1412 968 apponatur,
1436 927 1468 954 ut
1490 919 1576 954 nulla
1598 921 1697 955 valeat
1724 920 1797 955 inde
1818 933 1848 956 a-

1101 970 1198 1018 liquid
1212 970 1336 1004 intueri.
1352 968 1534 1003 Habeantur
1547 968 1640 1004 etiam
1654 970 1730 1004 ostia
1744 970 1846 1017 lignea

1101 1032 1139 1054 ex
1182 1026 1269 1067 parte
1319 1030 1474 1057 sororum,
1513 1029 1585 1053 cum
1619 1018 1699 1053 seris
1738 1018 1848 1054 ferreis

1101 1077 1195 1116 atque
1224 1068 1319 1108 clavi,
1354 1076 1388 1101 ut
1419 1075 1565 1102 maneant
1592 1079 1716 1114 semper
1742 1067 1846 1104 clausa

1103 1118 1218 1165 pariter
1253 1124 1284 1151 et
1320 1116 1452 1156 firmata,
1490 1124 1519 1150 et
1557 1127 1619 1151 non
1655 1116 1847 1162 aperiantur,

1104 1167 1160 1201 nisi
1183 1177 1255 1201 cum
1279 1165 1421 1200 divinum
1444 1164 1620 1199 celebratur
1641 1165 1792 1206 officium,
1818 1175 1850 1200 et

1104 1216 1162 1250 nisi
1197 1214 1324 1262 quando
1363 1227 1400 1248 ex
1435 1213 1527 1248 dietis
1566 1214 1671 1248 causis
1711 1215 1849 1260 praefato

1104 1264 1198 1300 modo
1225 1263 1345 1298 dictum
1367 1263 1515 1298 ostiolum
1537 1262 1703 1309 contigerit
1724 1265 1849 1309 aperiri,

1103 1323 1133 1348 et
1161 1325 1253 1348 nemo
1275 1312 1356 1347 alius
1377 1323 1432 1359 per
1457 1311 1574 1346 dictam
1600 1320 1715 1347 cratem
1738 1312 1850 1360 loqua-

1104 1371 1166 1402 tur,
1193 1362 1253 1396 nisi
1275 1360 1460 1408 aliquando,
1489 1360 1663 1395 rationabili
1689 1372 1780 1396 causa
1803 1362 1850 1397 vel

1104 1410 1280 1446 necessaria
1312 1410 1469 1456 exigente,
1491 1409 1584 1445 alicui
1616 1409 1655 1444 de
1679 1409 1851 1446 abbatissae

1104 1460 1227 1495 licentia
1251 1471 1319 1494 raro
1336 1459 1430 1494 fuerit
1451 1458 1703 1493 concedendum.
1723 1458 1762 1493 Et
1777 1467 1851 1495 tunc

1105 1508 1264 1558 praedicta
1299 1508 1379 1542 ostia
1413 1508 1513 1553 lignea
1548 1516 1693 1553 poterunt
1725 1508 1851 1554 aperiri,

1105 1566 1135 1592 et
1156 1556 1419 1605 quandocumque
1440 1555 1577 1602 aliquam
1602 1568 1767 1602 personam
1794 1569 1852 1592 ex-

1105 1615 1244 1641 traneam
1277 1605 1315 1640 ad
1348 1617 1402 1639 eas
1436 1604 1570 1650 ingredi,
1605 1604 1653 1640 vel
1687 1604 1765 1640 alias
1798 1618 1852 1652 per

1105 1664 1207 1691 crates
1228 1654 1274 1688 eis
1303 1654 1387 1701 loqui
1410 1654 1588 1699 contigerit,
1613 1661 1718 1700 tegant
1739 1654 1851 1690 faciem

1106 1716 1177 1738 curn
1212 1702 1364 1738 modestia
1396 1709 1427 1737 et
1466 1702 1628 1743 inclinent,
1656 1710 1748 1750 prout
1782 1703 1852 1738 reli-

1106 1753 1210 1800 gionis
1231 1752 1378 1786 convenit
1399 1751 1566 1786 honestati.

1395 1825 1476 1860 Cap.
1507 1827 1563 1860 18.

1156 1897 1203 1932 De
1228 1897 1372 1943 ingressu
1405 1907 1610 1943 personarum
1635 1897 1666 1931 in
1695 1906 1855 1933 monaste—

1109 1947 1191 1982 rium
1237 1946 1368 1980 firmiter
1402 1956 1438 1980 ac
1471 1945 1588 1981 directe
1630 1946 1854 1993 praecipimus,

1111 2005 1143 2030 ut
1170 1995 1251 2030 nulla
1276 2006 1425 2041 umquam
1448 1993 1616 2039 abbatissa,
1638 1995 1685 2029 vel
1713 1995 1782 2030 eius
1802 2008 1856 2031 so-

1111 2057 1207 2084 rores,
1229 2043 1364 2090 aliquam
1394 2055 1561 2090 personam
1583 2043 1771 2090 religiosam,
1799 2057 1856 2080 seu

1111 2093 1315 2137 saecularem,
1349 2101 1402 2127 aut
1433 2091 1601 2127 cuiuslibet
1629 2093 1800 2139 dignitatis,
1825 2095 1855 2128 in

1113 2142 1292 2177 monasterii
1317 2141 1494 2176 clausuram
1517 2141 1718 2176 intrinsecam
1741 2142 1857 2178 intrare

1114 2191 1305 2238 permittant,
1329 2202 1386 2225 nec
1413 2190 1544 2225 omnino
1565 2190 1656 2225 liceat
1672 2190 1776 2233 alicui,
1795 2193 1857 2226 nisi

1113 2240 1228 2287 quibus
1245 2251 1432 2275 concessum
1453 2251 1469 2273 a
1485 2238 1569 2274 Sede
1590 2239 1769 2286 Apostolica
1788 2239 1857 2275 fue—

1114 2290 1163 2332 rit,
1197 2288 1244 2323 rel
1274 2300 1291 2323 a
1313 2287 1482 2328 cardinale,
1516 2288 1564 2323 cui
1589 2288 1681 2323 fuerit
1712 2300 1857 2324 sororum

1113 2337 1201 2373 Ordo
1229 2338 1436 2372 commissus:
1470 2337 1672 2384 excipiuntur
1703 2345 1806 2372 autem
1841 2350 1858 2372 a

1115 2387 1196 2421 dicta
1235 2386 1432 2433 ingrediendi
1467 2385 1536 2432 lege
1572 2385 1725 2426 medicus,
1762 2397 1859 2422 causa

1116 2436 1248 2471 multum
1263 2436 1367 2481 gravis
1382 2434 1556 2475 infirmatis,
1571 2442 1602 2469 et
1617 2434 1767 2479 minutor,
1785 2447 1858 2471 cum

1117 2485 1286 2519 necessitas
1312 2484 1460 2530 exegerit,
1482 2484 1535 2530 qui
1559 2495 1621 2518 non
1644 2485 1762 2530 absque
1783 2483 1862 2520 duo-

1116 2532 1177 2568 bus
1210 2534 1305 2568 sociis
1331 2533 1370 2568 de
1403 2532 1518 2568 familia
1545 2533 1727 2567 monasterii
1760 2532 1861 2568 intro-

1117 2582 1285 2626 ducantur,
1306 2594 1365 2630 nec
1386 2582 1424 2616 ah
1447 2581 1579 2616 invicem
1602 2580 1681 2616 infra
1706 2590 1863 2618 monaste-

1862 221 1913 249 Λιι-
1927 220 1957 248 C.
1977 221 2041 249 125!

1869 1900 1897 1922 Do
1906 1902 2003 1928 ingressu
2011 1906 2051 1922 ›x-

1868 1934 1987 1952 trnuurum
2005 1935 2051 1955 per·

1869 1967 1976 1983 sonarum.
