<?xml version="1.0" encoding="UTF-8"?>
<!DOCTYPE html PUBLIC "-//W3C//DTD XHTML 1.0 Transitional//EN"
    "http://www.w3.org/TR/xhtml1/DTD/xhtml1-transitional.dtd">
<html xmlns="http://www.w3.org/1999/xhtml" xml:lang="en" lang="en">
 <head>
  <title>
</title>
<meta http-equiv="Content-Type" content="text/html;charset=utf-8" />
  <meta name='ocr-system' content='tesseract 3.04.00' />
  <meta name='ocr-capabilities' content='ocr_page ocr_carea ocr_par ocr_line ocrx_word'/>
</head>
<body>
  <div class='ocr_page' id='page_1' title='image "./bullarumdiplomat03cath/bullarumdiplomat03cath_0025.png"; bbox 0 0 2129 3223; ppageno 0'>
   <div class='ocr_carea' id='block_1_1' title="bbox 54 236 1981 274">
    <p class='ocr_par' dir='ltr' id='par_1_1' title="bbox 54 236 1981 274">
     <span class='ocr_line' id='line_1_1' title="bbox 54 236 1981 274; baseline 0.003 -5"><span class='ocrx_word' id='word_1_1' title='bbox 54 241 102 270; x_wconf 80' lang='grc' dir='ltr'>Αη.</span> <span class='ocrx_word' id='word_1_2' title='bbox 120 243 150 270; x_wconf 90' lang='lat' dir='ltr'>c.</span> <span class='ocrx_word' id='word_1_3' title='bbox 169 242 236 270; x_wconf 68' lang='lat' dir='ltr'>irat</span> <span class='ocrx_word' id='word_1_4' title='bbox 896 242 1007 266; x_wconf 74' lang='lat' dir='ltr'>metus</span> <span class='ocrx_word' id='word_1_5' title='bbox 1028 241 1066 265; x_wconf 87' lang='grc' dir='ltr'>ιιι</span> <span class='ocrx_word' id='word_1_6' title='bbox 1089 242 1136 265; x_wconf 68' lang='lat' dir='ltr'>vv·</span> <span class='ocrx_word' id='word_1_7' title='bbox 1692 236 1735 268; x_wconf 76' lang='lat'>19</span> <span class='ocrx_word' id='word_1_8' title='bbox 1802 246 1851 273; x_wconf 66' lang='lat' dir='ltr'>An.</span> <span class='ocrx_word' id='word_1_9' title='bbox 1873 246 1901 273; x_wconf 77' lang='lat' dir='ltr'>e.</span> <span class='ocrx_word' id='word_1_10' title='bbox 1917 248 1981 274; x_wconf 77' lang='lat' dir='ltr'>usu</span> 
     </span>
    </p>
   </div>
   <div class='ocr_carea' id='block_1_2' title="bbox 47 295 1980 2578">
    <p class='ocr_par' dir='ltr' id='par_1_2' title="bbox 47 295 1980 2578">
     <span class='ocr_line' id='line_1_2' title="bbox 251 295 1968 344; baseline 0.002 -12"><span class='ocrx_word' id='word_1_11' title='bbox 251 297 354 332; x_wconf 85' lang='lat' dir='ltr'>omnia</span> <span class='ocrx_word' id='word_1_12' title='bbox 383 303 570 344; x_wconf 87' lang='lat' dir='ltr'>perpetuum</span> <span class='ocrx_word' id='word_1_13' title='bbox 591 295 687 330; x_wconf 90' lang='lat' dir='ltr'>robur</span> <span class='ocrx_word' id='word_1_14' title='bbox 721 296 875 331; x_wconf 76' lang='lat' dir='ltr'>firmitatis</span> <span class='ocrx_word' id='word_1_15' title='bbox 913 295 995 331; x_wconf 87' lang='lat' dir='ltr'>obti-</span> <span class='ocrx_word' id='word_1_16' title='bbox 1036 296 1142 330; x_wconf 80' lang='lat' dir='ltr'>teriam</span> <span class='ocrx_word' id='word_1_17' title='bbox 1172 295 1358 341; x_wconf 81' lang='lat' dir='ltr'>iurgiorum,</span> <span class='ocrx_word' id='word_1_18' title='bbox 1386 310 1424 333; x_wconf 88' lang='lat' dir='ltr'>ne</span> <span class='ocrx_word' id='word_1_19' title='bbox 1452 298 1604 334; x_wconf 82' lang='lat' dir='ltr'>beneficia</span> <span class='ocrx_word' id='word_1_20' title='bbox 1637 299 1786 336; x_wconf 86' lang='lat' dir='ltr'>ecclesia·</span> <span class='ocrx_word' id='word_1_21' title='bbox 1801 312 1841 327; x_wconf 62' lang='grc' dir='ltr'>ΜΠ</span> <span class='ocrx_word' id='word_1_22' title='bbox 1895 309 1968 331; x_wconf 56' lang='lat' dir='ltr'>r¹0⁰¹¹¹</span> 
     </span>
     <span class='ocr_line' id='line_1_3' title="bbox 251 338 1870 394; baseline 0 -12"><span class='ocrx_word' id='word_1_23' title='bbox 251 352 355 389; x_wconf 81' lang='lat' dir='ltr'>neam,</span> <span class='ocrx_word' id='word_1_24' title='bbox 376 345 552 392; x_wconf 88' lang='lat' dir='ltr'>praesentis</span> <span class='ocrx_word' id='word_1_25' title='bbox 573 344 746 391; x_wconf 78' lang='lat' dir='ltr'>scripturae</span> <span class='ocrx_word' id='word_1_26' title='bbox 774 345 920 392; x_wconf 80' lang='lat' dir='ltr'>paginam</span> <span class='ocrx_word' id='word_1_27' title='bbox 944 356 996 379; x_wconf 91' lang='lat' dir='ltr'>no·</span> <span class='ocrx_word' id='word_1_28' title='bbox 1035 344 1131 389; x_wconf 87' lang='lat' dir='ltr'>stica,</span> <span class='ocrx_word' id='word_1_29' title='bbox 1167 344 1268 379; x_wconf 88' lang='lat' dir='ltr'>donec</span> <span class='ocrx_word' id='word_1_30' title='bbox 1311 347 1506 386; x_wconf 72' lang='lat' dir='ltr'>vacaverint,</span> <span class='ocrx_word' id='word_1_31' title='bbox 1545 347 1783 394; x_wconf 77' lang='lat' dir='ltr'><strong>promittantur:</strong></span> <span class='ocrx_word' id='word_1_32' title='bbox 1801 338 1870 358; x_wconf 64' lang='lat'>&#39;‘¹¹⁴&#39;&#39;</span> 
     </span>
     <span class='ocr_line' id='line_1_4' title="bbox 248 392 1784 443; baseline 0.002 -14"><span class='ocrx_word' id='word_1_33' title='bbox 248 402 384 430; x_wconf 83' lang='lat' dir='ltr'>strorum</span> <span class='ocrx_word' id='word_1_34' title='bbox 420 393 595 440; x_wconf 79' lang='lat' dir='ltr'>sigillorum</span> <span class='ocrx_word' id='word_1_35' title='bbox 636 393 844 440; x_wconf 82' lang='lat' dir='ltr'>impressione</span> <span class='ocrx_word' id='word_1_36' title='bbox 888 394 997 440; x_wconf 86' lang='lat' dir='ltr'>signa·</span> <span class='ocrx_word' id='word_1_37' title='bbox 1034 404 1128 438; x_wconf 85' lang='lat' dir='ltr'>grave</span> <span class='ocrx_word' id='word_1_38' title='bbox 1150 392 1242 428; x_wconf 92' lang='lat' dir='ltr'>nobis</span> <span class='ocrx_word' id='word_1_39' title='bbox 1272 402 1320 428; x_wconf 89' lang='lat' dir='ltr'>est</span> <span class='ocrx_word' id='word_1_40' title='bbox 1352 403 1381 429; x_wconf 91' lang='lat' dir='ltr'>et</span> <span class='ocrx_word' id='word_1_41' title='bbox 1417 395 1598 437; x_wconf 87' lang='lat' dir='ltr'>molestum,</span> <span class='ocrx_word' id='word_1_42' title='bbox 1633 397 1718 443; x_wconf 91' lang='lat' dir='ltr'>quod</span> <span class='ocrx_word' id='word_1_43' title='bbox 1755 399 1784 432; x_wconf 89' lang='lat' dir='ltr'>in</span> 
     </span>
     <span class='ocr_line' id='line_1_5' title="bbox 249 441 1784 490; baseline 0.003 -14"><span class='ocrx_word' id='word_1_44' title='bbox 249 443 359 478; x_wconf 81' lang='lat' dir='ltr'>vimus.</span> <span class='ocrx_word' id='word_1_45' title='bbox 1034 441 1171 476; x_wconf 90' lang='lat' dir='ltr'>dioecesi</span> <span class='ocrx_word' id='word_1_46' title='bbox 1201 449 1253 477; x_wconf 90' lang='lat' dir='ltr'>tua</span> <span class='ocrx_word' id='word_1_47' title='bbox 1281 442 1409 478; x_wconf 76' lang='lat' dir='ltr'>abbates</span> <span class='ocrx_word' id='word_1_48' title='bbox 1443 452 1474 478; x_wconf 92' lang='lat' dir='ltr'>et</span> <span class='ocrx_word' id='word_1_49' title='bbox 1502 445 1622 490; x_wconf 84' lang='lat' dir='ltr'>priores</span> <span class='ocrx_word' id='word_1_50' title='bbox 1644 445 1784 482; x_wconf 86' lang='lat' dir='ltr'>instituta</span> 
     </span>
     <span class='ocr_line' id='line_1_6' title="bbox 297 490 1784 537; baseline 0.002 -11"><span class='ocrx_word' id='word_1_51' title='bbox 297 491 372 526; x_wconf 81' lang='lat' dir='ltr'>Acta</span> <span class='ocrx_word' id='word_1_52' title='bbox 400 498 474 525; x_wconf 92' lang='lat' dir='ltr'>sunt</span> <span class='ocrx_word' id='word_1_53' title='bbox 501 490 556 524; x_wconf 90' lang='lat' dir='ltr'>ista</span> <span class='ocrx_word' id='word_1_54' title='bbox 599 490 628 524; x_wconf 90' lang='lat' dir='ltr'>in</span> <span class='ocrx_word' id='word_1_55' title='bbox 668 491 790 526; x_wconf 84' lang='lat' dir='ltr'>civitate</span> <span class='ocrx_word' id='word_1_56' title='bbox 835 490 995 537; x_wconf 68' lang='lat' dir='ltr'>Anagniae</span> <span class='ocrx_word' id='word_1_57' title='bbox 1034 490 1171 525; x_wconf 86' lang='lat' dir='ltr'>salubria</span> <span class='ocrx_word' id='word_1_58' title='bbox 1193 490 1287 525; x_wconf 91' lang='lat' dir='ltr'>surda</span> <span class='ocrx_word' id='word_1_59' title='bbox 1309 503 1384 526; x_wconf 90' lang='lat' dir='ltr'>aure</span> <span class='ocrx_word' id='word_1_60' title='bbox 1407 492 1537 528; x_wconf 87' lang='lat' dir='ltr'>transire</span> <span class='ocrx_word' id='word_1_61' title='bbox 1552 502 1583 528; x_wconf 88' lang='lat' dir='ltr'>et</span> <span class='ocrx_word' id='word_1_62' title='bbox 1600 493 1784 529; x_wconf 87' lang='lat' dir='ltr'>huiusmodi</span> 
     </span>
     <span class='ocr_line' id='line_1_7' title="bbox 246 539 1782 588; baseline 0.001 -13"><span class='ocrx_word' id='word_1_63' title='bbox 246 552 329 575; x_wconf 90' lang='lat' dir='ltr'>anuo</span> <span class='ocrx_word' id='word_1_64' title='bbox 351 539 444 574; x_wconf 90' lang='lat' dir='ltr'>Dom.</span> <span class='ocrx_word' id='word_1_65' title='bbox 482 540 593 583; x_wconf 76' lang='lat'>1183,</span> <span class='ocrx_word' id='word_1_66' title='bbox 631 539 833 586; x_wconf 88' lang='lat' dir='ltr'>pontificatus</span> <span class='ocrx_word' id='word_1_67' title='bbox 874 539 993 574; x_wconf 91' lang='lat' dir='ltr'>domini</span> <span class='ocrx_word' id='word_1_68' title='bbox 1035 539 1261 584; x_wconf 80' lang='lat' dir='ltr'>promissiones</span> <span class='ocrx_word' id='word_1_69' title='bbox 1287 539 1409 574; x_wconf 89' lang='lat' dir='ltr'>illicitas</span> <span class='ocrx_word' id='word_1_70' title='bbox 1435 540 1535 575; x_wconf 81' lang='lat' dir='ltr'>facere</span> <span class='ocrx_word' id='word_1_71' title='bbox 1567 542 1782 588; x_wconf 75' lang='lat' dir='ltr'>perhibentur.</span> 
     </span>
     <span class='ocr_line' id='line_1_8' title="bbox 247 587 1782 636; baseline 0.002 -12"><span class='ocrx_word' id='word_1_72' title='bbox 247 589 345 624; x_wconf 92' lang='lat' dir='ltr'>nostri</span> <span class='ocrx_word' id='word_1_73' title='bbox 368 587 514 623; x_wconf 85' lang='lat' dir='ltr'>Luciilll</span> <span class='ocrx_word' id='word_1_74' title='bbox 541 587 646 634; x_wconf 83' lang='lat' dir='ltr'>Papae</span> <span class='ocrx_word' id='word_1_75' title='bbox 667 600 751 623; x_wconf 88' lang='lat' dir='ltr'>auno</span> <span class='ocrx_word' id='word_1_76' title='bbox 766 588 870 632; x_wconf 85' lang='lat' dir='ltr'>tertio,</span> <span class='ocrx_word' id='word_1_77' title='bbox 886 587 992 622; x_wconf 92' lang='lat' dir='ltr'>indict.</span> <span class='ocrx_word' id='word_1_78' title='bbox 1034 587 1125 622; x_wconf 88' lang='lat' dir='ltr'>Unde</span> <span class='ocrx_word' id='word_1_79' title='bbox 1161 599 1199 622; x_wconf 91' lang='lat' dir='ltr'>ne</span> <span class='ocrx_word' id='word_1_80' title='bbox 1230 588 1307 622; x_wconf 87' lang='lat' dir='ltr'>haec</span> <span class='ocrx_word' id='word_1_81' title='bbox 1341 589 1512 623; x_wconf 81' lang='lat' dir='ltr'>enormitas</span> <span class='ocrx_word' id='word_1_82' title='bbox 1545 602 1626 636; x_wconf 89' lang='lat' dir='ltr'>quae</span> <span class='ocrx_word' id='word_1_83' title='bbox 1667 591 1782 627; x_wconf 82' lang='lat' dir='ltr'>salubri</span> 
     </span>
     <span class='ocr_line' id='line_1_9' title="bbox 78 635 1782 683; baseline 0.009 -23"><span class='ocrx_word' id='word_1_84' title='bbox 78 641 198 676; x_wconf 25' lang='lat' dir='ltr'>nurus-„3001</span> <span class='ocrx_word' id='word_1_85' title='bbox 246 640 280 682; x_wconf 75' lang='lat'>2,</span> <span class='ocrx_word' id='word_1_86' title='bbox 302 636 420 673; x_wconf 84' lang='lat' dir='ltr'>mensis</span> <span class='ocrx_word' id='word_1_87' title='bbox 441 635 618 671; x_wconf 74' lang='lat' dir='ltr'>decembris</span> <span class='ocrx_word' id='word_1_88' title='bbox 640 636 690 672; x_wconf 88' lang='lat' dir='ltr'>die</span> <span class='ocrx_word' id='word_1_89' title='bbox 717 639 774 672; x_wconf 75' lang='lat'>22.</span> <span class='ocrx_word' id='word_1_90' title='bbox 795 638 884 672; x_wconf 87' lang='lat' dir='ltr'>Hanc</span> <span class='ocrx_word' id='word_1_91' title='bbox 901 636 995 683; x_wconf 84' lang='lat' dir='ltr'>igitur</span> <span class='ocrx_word' id='word_1_92' title='bbox 1034 636 1133 670; x_wconf 85' lang='lat' dir='ltr'>fuerat</span> <span class='ocrx_word' id='word_1_93' title='bbox 1166 637 1392 671; x_wconf 84' lang='lat' dir='ltr'>constitutione</span> <span class='ocrx_word' id='word_1_94' title='bbox 1429 639 1590 683; x_wconf 83' lang='lat' dir='ltr'>praecisa,</span> <span class='ocrx_word' id='word_1_95' title='bbox 1633 640 1714 675; x_wconf 87' lang='lat' dir='ltr'>vires</span> <span class='ocrx_word' id='word_1_96' title='bbox 1747 652 1782 674; x_wconf 74' lang='lat' dir='ltr'>ex</span> 
     </span>
     <span class='ocr_line' id='line_1_10' title="bbox 47 675 1784 734; baseline 0.001 -13"><span class='ocrx_word' id='word_1_97' title='bbox 47 675 229 723; x_wconf 58' lang='lat' dir='ltr'>22²⁰&#39;232&#39;1&#39;22i22&#39;2</span> <span class='ocrx_word' id='word_1_98' title='bbox 245 685 521 734; x_wconf 80' lang='lat' dir='ltr'>compositionem,</span> <span class='ocrx_word' id='word_1_99' title='bbox 540 685 618 719; x_wconf 90' lang='lat' dir='ltr'>sicut</span> <span class='ocrx_word' id='word_1_100' title='bbox 649 686 804 721; x_wconf 70' lang='lat' dir='ltr'>intervos</span> <span class='ocrx_word' id='word_1_101' title='bbox 840 686 917 720; x_wconf 80' lang='lat' dir='ltr'>sacta</span> <span class='ocrx_word' id='word_1_102' title='bbox 948 693 993 719; x_wconf 85' lang='lat' dir='ltr'>est</span> <span class='ocrx_word' id='word_1_103' title='bbox 1033 684 1287 719; x_wconf 74' lang='lat' dir='ltr'>dissimulatione</span> <span class='ocrx_word' id='word_1_104' title='bbox 1328 697 1490 720; x_wconf 85' lang='lat' dir='ltr'>resumens</span> <span class='ocrx_word' id='word_1_105' title='bbox 1527 687 1701 731; x_wconf 84' lang='lat' dir='ltr'>perniciosa</span> <span class='ocrx_word' id='word_1_106' title='bbox 1743 688 1784 722; x_wconf 93' lang='lat' dir='ltr'>li-</span> 
     </span>
     <span class='ocr_line' id='line_1_11' title="bbox 47 730 1783 782; baseline 0.003 -15"><span class='ocrx_word' id='word_1_107' title='bbox 47 732 155 782; x_wconf 63' lang='lat'>&#39;;⁰&#39;&#39;‘&#39;&#39;„¹’2‚¹¹</span> <span class='ocrx_word' id='word_1_108' title='bbox 190 730 229 752; x_wconf 50' lang='lat'>¹⁸¹*</span> <span class='ocrx_word' id='word_1_109' title='bbox 245 743 275 769; x_wconf 86' lang='lat' dir='ltr'>et</span> <span class='ocrx_word' id='word_1_110' title='bbox 297 741 432 781; x_wconf 77' lang='lat' dir='ltr'>recepta,</span> <span class='ocrx_word' id='word_1_111' title='bbox 461 742 493 768; x_wconf 92' lang='lat' dir='ltr'>ut</span> <span class='ocrx_word' id='word_1_112' title='bbox 515 735 660 779; x_wconf 82' lang='lat' dir='ltr'>superius</span> <span class='ocrx_word' id='word_1_113' title='bbox 686 734 725 768; x_wconf 90' lang='lat' dir='ltr'>de</span> <span class='ocrx_word' id='word_1_114' title='bbox 749 735 842 770; x_wconf 79' lang='lat' dir='ltr'>verbo</span> <span class='ocrx_word' id='word_1_115' title='bbox 864 734 900 768; x_wconf 91' lang='lat' dir='ltr'>ad</span> <span class='ocrx_word' id='word_1_116' title='bbox 926 745 993 768; x_wconf 85' lang='lat' dir='ltr'>rer-</span> <span class='ocrx_word' id='word_1_117' title='bbox 1033 733 1133 768; x_wconf 86' lang='lat' dir='ltr'>centia</span> <span class='ocrx_word' id='word_1_118' title='bbox 1160 733 1264 768; x_wconf 83' lang='lat' dir='ltr'>denuo</span> <span class='ocrx_word' id='word_1_119' title='bbox 1292 734 1461 773; x_wconf 73' lang='lat' dir='ltr'>inolescat,</span> <span class='ocrx_word' id='word_1_120' title='bbox 1498 734 1678 771; x_wconf 72' lang='lat' dir='ltr'>fraternitati</span> <span class='ocrx_word' id='word_1_121' title='bbox 1712 744 1783 772; x_wconf 87' lang='lat' dir='ltr'>tuae</span> 
     </span>
     <span class='ocr_line' id='line_1_12' title="bbox 47 769 1783 830; baseline 0.001 -12"><span class='ocrx_word' id='word_1_122' title='bbox 47 769 91 783; x_wconf 44' lang='grc' dir='ltr'>ιω</span> <span class='ocrx_word' id='word_1_123' title='bbox 143 779 145 781; x_wconf 62' lang='grc'><strong>’</strong></span> <span class='ocrx_word' id='word_1_124' title='bbox 246 784 318 818; x_wconf 92' lang='lat' dir='ltr'>bum</span> <span class='ocrx_word' id='word_1_125' title='bbox 348 782 580 824; x_wconf 76' lang='lat' dir='ltr'>annotavimus,</span> <span class='ocrx_word' id='word_1_126' title='bbox 612 784 796 819; x_wconf 87' lang='lat' dir='ltr'>auctoritate</span> <span class='ocrx_word' id='word_1_127' title='bbox 823 782 992 830; x_wconf 86' lang='lat' dir='ltr'>apostolica</span> <span class='ocrx_word' id='word_1_128' title='bbox 1034 782 1253 828; x_wconf 89' lang='lat' dir='ltr'>praesentibus</span> <span class='ocrx_word' id='word_1_129' title='bbox 1271 782 1369 817; x_wconf 85' lang='lat' dir='ltr'>literis</span> <span class='ocrx_word' id='word_1_130' title='bbox 1387 783 1600 828; x_wconf 78' lang='lat' dir='ltr'>indulgemus,</span> <span class='ocrx_word' id='word_1_131' title='bbox 1624 792 1657 818; x_wconf 90' lang='lat' dir='ltr'>ut</span> <span class='ocrx_word' id='word_1_132' title='bbox 1676 785 1783 820; x_wconf 89' lang='lat' dir='ltr'>buius—</span> 
     </span>
     <span class='ocr_line' id='line_1_13' title="bbox 243 830 1783 879; baseline 0.001 -12"><span class='ocrx_word' id='word_1_133' title='bbox 243 831 992 879; x_wconf 76' lang='lat' dir='ltr'>confirmamus,etpraesentisscripiipatrocinio</span> <span class='ocrx_word' id='word_1_134' title='bbox 1033 830 1118 865; x_wconf 90' lang='lat' dir='ltr'>modi</span> <span class='ocrx_word' id='word_1_135' title='bbox 1153 831 1417 876; x_wconf 87' lang='lat' dir='ltr'>promissionibus</span> <span class='ocrx_word' id='word_1_136' title='bbox 1452 832 1603 876; x_wconf 85' lang='lat' dir='ltr'>irritatis,</span> <span class='ocrx_word' id='word_1_137' title='bbox 1629 834 1656 868; x_wconf 91' lang='lat' dir='ltr'>si</span> <span class='ocrx_word' id='word_1_138' title='bbox 1691 846 1783 869; x_wconf 84' lang='lat' dir='ltr'>occa-</span> 
     </span>
     <span class='ocr_line' id='line_1_14' title="bbox 243 879 1980 938; baseline 0.001 -22"><span class='ocrx_word' id='word_1_139' title='bbox 243 881 490 925; x_wconf 83' lang='lat' dir='ltr'>communimus,</span> <span class='ocrx_word' id='word_1_140' title='bbox 512 887 697 918; x_wconf 74' lang='lat' dir='ltr'>statuentes,</span> <span class='ocrx_word' id='word_1_141' title='bbox 712 889 747 916; x_wconf 91' lang='lat' dir='ltr'>ut</span> <span class='ocrx_word' id='word_1_142' title='bbox 763 881 839 916; x_wconf 91' lang='lat' dir='ltr'>nulli</span> <span class='ocrx_word' id='word_1_143' title='bbox 864 880 992 915; x_wconf 90' lang='lat' dir='ltr'>omnino</span> <span class='ocrx_word' id='word_1_144' title='bbox 1032 879 1121 914; x_wconf 87' lang='lat' dir='ltr'>sione</span> <span class='ocrx_word' id='word_1_145' title='bbox 1143 879 1386 920; x_wconf 76' lang='lat' dir='ltr'>dissentionum,</span> <span class='ocrx_word' id='word_1_146' title='bbox 1409 893 1490 926; x_wconf 86' lang='lat' dir='ltr'>quae</span> <span class='ocrx_word' id='word_1_147' title='bbox 1505 880 1620 916; x_wconf 83' lang='lat' dir='ltr'>exinde</span> <span class='ocrx_word' id='word_1_148' title='bbox 1633 882 1783 930; x_wconf 87' lang='lat' dir='ltr'>frequen-</span> <span class='ocrx_word' id='word_1_149' title='bbox 1811 891 1913 918; x_wconf 55' lang='grc' dir='ltr'>Ενιεστψτ·</span> <span class='ocrx_word' id='word_1_150' title='bbox 1933 892 1980 938; x_wconf 41' lang='grc' dir='ltr'>Ρ.</span> 
     </span>
     <span class='ocr_line' id='line_1_15' title="bbox 244 924 1978 977; baseline 0.002 -12"><span class='ocrx_word' id='word_1_151' title='bbox 244 930 407 965; x_wconf 85' lang='lat' dir='ltr'>hominum</span> <span class='ocrx_word' id='word_1_152' title='bbox 443 930 532 964; x_wconf 87' lang='lat' dir='ltr'>liceat</span> <span class='ocrx_word' id='word_1_153' title='bbox 573 929 652 964; x_wconf 83' lang='lat' dir='ltr'>bane</span> <span class='ocrx_word' id='word_1_154' title='bbox 687 930 832 977; x_wconf 83' lang='lat' dir='ltr'>paginam</span> <span class='ocrx_word' id='word_1_155' title='bbox 869 937 992 964; x_wconf 88' lang='lat' dir='ltr'>nostrae</span> <span class='ocrx_word' id='word_1_156' title='bbox 1032 935 1080 962; x_wconf 88' lang='lat' dir='ltr'>ter</span> <span class='ocrx_word' id='word_1_157' title='bbox 1101 937 1279 974; x_wconf 82' lang='lat' dir='ltr'>emergunt,</span> <span class='ocrx_word' id='word_1_158' title='bbox 1302 929 1393 976; x_wconf 89' lang='lat' dir='ltr'>culpa</span> <span class='ocrx_word' id='word_1_159' title='bbox 1416 929 1539 964; x_wconf 89' lang='lat' dir='ltr'>illorum</span> <span class='ocrx_word' id='word_1_160' title='bbox 1562 930 1615 977; x_wconf 94' lang='lat' dir='ltr'>qui</span> <span class='ocrx_word' id='word_1_161' title='bbox 1638 924 1978 976; x_wconf 43' lang='lat' dir='ltr'>praesen-2³53„⁶⁶³7ssssss</span> 
     </span>
     <span class='ocr_line' id='line_1_16' title="bbox 242 977 1977 1033; baseline 0.002 -20"><span class='ocrx_word' id='word_1_162' title='bbox 242 979 492 1014; x_wconf 86' lang='lat' dir='ltr'>confirmationis</span> <span class='ocrx_word' id='word_1_163' title='bbox 515 977 699 1024; x_wconf 80' lang='lat' dir='ltr'>infringere,</span> <span class='ocrx_word' id='word_1_164' title='bbox 721 979 767 1013; x_wconf 85' lang='lat' dir='ltr'>vel</span> <span class='ocrx_word' id='word_1_165' title='bbox 790 979 817 1014; x_wconf 85' lang='lat' dir='ltr'>ei</span> <span class='ocrx_word' id='word_1_166' title='bbox 840 990 917 1013; x_wconf 91' lang='lat' dir='ltr'>ausu</span> <span class='ocrx_word' id='word_1_167' title='bbox 946 986 991 1012; x_wconf 89' lang='lat' dir='ltr'>te·</span> <span class='ocrx_word' id='word_1_168' title='bbox 1011 1013 1012 1017; x_wconf 61' lang='grc'>,</span> <span class='ocrx_word' id='word_1_169' title='bbox 1032 977 1178 1011; x_wconf 84' lang='lat' dir='ltr'>tationem</span> <span class='ocrx_word' id='word_1_170' title='bbox 1219 977 1334 1012; x_wconf 88' lang='lat' dir='ltr'>babere</span> <span class='ocrx_word' id='word_1_171' title='bbox 1373 986 1566 1018; x_wconf 88' lang='lat' dir='ltr'>noscuntur,</span> <span class='ocrx_word' id='word_1_172' title='bbox 1612 980 1691 1015; x_wconf 90' lang='lat' dir='ltr'>ultra</span> <span class='ocrx_word' id='word_1_173' title='bbox 1727 993 1781 1015; x_wconf 80' lang='lat' dir='ltr'>sex</span> <span class='ocrx_word' id='word_1_174' title='bbox 1796 988 1977 1033; x_wconf 31' lang='grc' dir='ltr'>ζζξιζζξξὲξζιζρζ</span> 
     </span>
     <span class='ocr_line' id='line_1_17' title="bbox 243 1025 1965 1074; baseline 0.001 -12"><span class='ocrx_word' id='word_1_175' title='bbox 243 1028 376 1062; x_wconf 85' lang='lat' dir='ltr'>merario</span> <span class='ocrx_word' id='word_1_176' title='bbox 410 1027 582 1067; x_wconf 75' lang='lat' dir='ltr'>contraire,</span> <span class='ocrx_word' id='word_1_177' title='bbox 622 1028 646 1062; x_wconf 91' lang='lat' dir='ltr'>si</span> <span class='ocrx_word' id='word_1_178' title='bbox 681 1027 752 1074; x_wconf 88' lang='lat' dir='ltr'>quis</span> <span class='ocrx_word' id='word_1_179' title='bbox 795 1035 898 1062; x_wconf 90' lang='lat' dir='ltr'>autem</span> <span class='ocrx_word' id='word_1_180' title='bbox 932 1027 1156 1074; x_wconf 45' lang='lat' dir='ltr'>hoc3menses</span> <span class='ocrx_word' id='word_1_181' title='bbox 1177 1025 1337 1060; x_wconf 86' lang='lat' dir='ltr'>Ecclesias</span> <span class='ocrx_word' id='word_1_182' title='bbox 1365 1038 1472 1061; x_wconf 89' lang='lat' dir='ltr'>vacare</span> <span class='ocrx_word' id='word_1_183' title='bbox 1507 1028 1708 1074; x_wconf 77' lang='lat' dir='ltr'>contingerit,</span> <span class='ocrx_word' id='word_1_184' title='bbox 1744 1029 1874 1064; x_wconf 65' lang='lat' dir='ltr'>li-imnem</span> <span class='ocrx_word' id='word_1_185' title='bbox 1898 1030 1965 1063; x_wconf 45' lang='lat' dir='ltr'>eamr?</span> 
     </span>
     <span class='ocr_line' id='line_1_18' title="bbox 241 1074 1832 1123; baseline 0.002 -13"><span class='ocrx_word' id='word_1_186' title='bbox 241 1083 425 1123; x_wconf 83' lang='lat' dir='ltr'>attemptare</span> <span class='ocrx_word' id='word_1_187' title='bbox 449 1076 706 1122; x_wconf 83' lang='lat' dir='ltr'>praesumpserit,</span> <span class='ocrx_word' id='word_1_188' title='bbox 742 1075 989 1123; x_wconf 82' lang='lat' dir='ltr'>indignationem</span> <span class='ocrx_word' id='word_1_189' title='bbox 1031 1081 1098 1108; x_wconf 90' lang='lat' dir='ltr'>ceat</span> <span class='ocrx_word' id='word_1_190' title='bbox 1120 1074 1175 1108; x_wconf 93' lang='lat' dir='ltr'>tibi</span> <span class='ocrx_word' id='word_1_191' title='bbox 1194 1074 1233 1108; x_wconf 93' lang='lat' dir='ltr'>de</span> <span class='ocrx_word' id='word_1_192' title='bbox 1255 1074 1439 1110; x_wconf 88' lang='lat' dir='ltr'>auctoritate</span> <span class='ocrx_word' id='word_1_193' title='bbox 1454 1075 1658 1122; x_wconf 80' lang='lat' dir='ltr'>Apostolicae</span> <span class='ocrx_word' id='word_1_194' title='bbox 1676 1077 1781 1120; x_wconf 90' lang='lat' dir='ltr'>Sedis,</span> <span class='ocrx_word' id='word_1_195' title='bbox 1796 1075 1832 1094; x_wconf 67' lang='lat'>&#39;¹³¹&#39;</span> 
     </span>
     <span class='ocr_line' id='line_1_19' title="bbox 241 1122 1781 1171; baseline 0.002 -13"><span class='ocrx_word' id='word_1_196' title='bbox 241 1125 467 1170; x_wconf 77' lang='lat' dir='ltr'>omnipotentis</span> <span class='ocrx_word' id='word_1_197' title='bbox 487 1125 546 1159; x_wconf 90' lang='lat' dir='ltr'>Dei</span> <span class='ocrx_word' id='word_1_198' title='bbox 576 1133 605 1159; x_wconf 83' lang='lat' dir='ltr'>et</span> <span class='ocrx_word' id='word_1_199' title='bbox 639 1125 800 1159; x_wconf 86' lang='lat' dir='ltr'>beatorum</span> <span class='ocrx_word' id='word_1_200' title='bbox 838 1124 919 1159; x_wconf 81' lang='lat' dir='ltr'>Petri</span> <span class='ocrx_word' id='word_1_201' title='bbox 961 1133 989 1158; x_wconf 90' lang='lat' dir='ltr'>et</span> <span class='ocrx_word' id='word_1_202' title='bbox 1031 1122 1116 1157; x_wconf 90' lang='lat' dir='ltr'>omni</span> <span class='ocrx_word' id='word_1_203' title='bbox 1140 1122 1389 1157; x_wconf 85' lang='lat' dir='ltr'>contradictione</span> <span class='ocrx_word' id='word_1_204' title='bbox 1410 1124 1458 1158; x_wconf 76' lang='lat' dir='ltr'>vel</span> <span class='ocrx_word' id='word_1_205' title='bbox 1485 1124 1697 1171; x_wconf 85' lang='lat' dir='ltr'>appellatione</span> <span class='ocrx_word' id='word_1_206' title='bbox 1711 1138 1781 1160; x_wconf 87' lang='lat' dir='ltr'>ces-</span> 
     </span>
     <span class='ocr_line' id='line_1_20' title="bbox 243 1170 1781 1230; baseline 0.003 -25"><span class='ocrx_word' id='word_1_207' title='bbox 243 1173 329 1207; x_wconf 79' lang='lat' dir='ltr'>Pauli</span> <span class='ocrx_word' id='word_1_208' title='bbox 356 1173 569 1220; x_wconf 85' lang='lat' dir='ltr'>apostolorum</span> <span class='ocrx_word' id='word_1_209' title='bbox 593 1173 660 1207; x_wconf 81' lang='lat' dir='ltr'>cius</span> <span class='ocrx_word' id='word_1_210' title='bbox 686 1185 720 1208; x_wconf 90' lang='lat' dir='ltr'>se</span> <span class='ocrx_word' id='word_1_211' title='bbox 742 1174 862 1208; x_wconf 79' lang='lat' dir='ltr'>noverit</span> <span class='ocrx_word' id='word_1_212' title='bbox 889 1173 991 1207; x_wconf 88' lang='lat' dir='ltr'>incur·</span> <span class='ocrx_word' id='word_1_213' title='bbox 1008 1206 1011 1230; x_wconf 66' lang='lat'>1</span> <span class='ocrx_word' id='word_1_214' title='bbox 1029 1180 1131 1208; x_wconf 73' lang='lat' dir='ltr'>sante,</span> <span class='ocrx_word' id='word_1_215' title='bbox 1153 1170 1193 1205; x_wconf 89' lang='lat' dir='ltr'>de</span> <span class='ocrx_word' id='word_1_216' title='bbox 1215 1171 1360 1217; x_wconf 90' lang='lat' dir='ltr'>personis</span> <span class='ocrx_word' id='word_1_217' title='bbox 1382 1171 1516 1212; x_wconf 86' lang='lat' dir='ltr'>idoneis,</span> <span class='ocrx_word' id='word_1_218' title='bbox 1538 1173 1607 1208; x_wconf 92' lang='lat' dir='ltr'>sine</span> <span class='ocrx_word' id='word_1_219' title='bbox 1621 1174 1781 1221; x_wconf 87' lang='lat' dir='ltr'>praeiudi-</span> 
     </span>
     <span class='ocr_line' id='line_1_21' title="bbox 240 1219 1781 1267; baseline 0.005 -17"><span class='ocrx_word' id='word_1_220' title='bbox 240 1233 360 1256; x_wconf 76' lang='lat' dir='ltr'>snrum,</span> <span class='ocrx_word' id='word_1_221' title='bbox 1008 1220 1078 1254; x_wconf 91' lang='lat' dir='ltr'>.cio</span> <span class='ocrx_word' id='word_1_222' title='bbox 1101 1228 1205 1254; x_wconf 90' lang='lat' dir='ltr'>tamen</span> <span class='ocrx_word' id='word_1_223' title='bbox 1231 1219 1427 1259; x_wconf 78' lang='lat' dir='ltr'>eorumdem,</span> <span class='ocrx_word' id='word_1_224' title='bbox 1462 1220 1669 1267; x_wconf 87' lang='lat' dir='ltr'>imposterum</span> <span class='ocrx_word' id='word_1_225' title='bbox 1696 1222 1781 1257; x_wconf 89' lang='lat' dir='ltr'>ordi-</span> 
     </span>
     <span class='ocr_line' id='line_1_22' title="bbox 290 1259 1780 1316; baseline 0.001 -12"><span class='ocrx_word' id='word_1_226' title='bbox 290 1269 402 1304; x_wconf 81' lang='lat' dir='ltr'>Datum</span> <span class='ocrx_word' id='word_1_227' title='bbox 420 1270 593 1316; x_wconf 69' lang='lat' dir='ltr'>Anagniae,</span> <span class='ocrx_word' id='word_1_228' title='bbox 611 1283 663 1304; x_wconf 80' lang='lat' dir='ltr'>xiv</span> <span class='ocrx_word' id='word_1_229' title='bbox 687 1270 746 1304; x_wconf 78' lang='lat' dir='ltr'>kal.</span> <span class='ocrx_word' id='word_1_230' title='bbox 767 1270 913 1305; x_wconf 78' lang='lat' dir='ltr'>februarii</span> <span class='ocrx_word' id='word_1_231' title='bbox 931 1273 985 1314; x_wconf 62' lang='lat' dir='ltr'>(tp.</span> <span class='ocrx_word' id='word_1_232' title='bbox 1008 1259 1011 1311; x_wconf 68' lang='lat' dir='ltr'>l</span> <span class='ocrx_word' id='word_1_233' title='bbox 1030 1279 1114 1302; x_wconf 90' lang='lat' dir='ltr'>nare.</span> <span class='ocrx_word' id='word_1_234' title='bbox 1132 1267 1288 1302; x_wconf 79' lang='lat' dir='ltr'>Nolumus</span> <span class='ocrx_word' id='word_1_235' title='bbox 1310 1276 1427 1307; x_wconf 91' lang='lat' dir='ltr'>autem,</span> <span class='ocrx_word' id='word_1_236' title='bbox 1450 1277 1484 1302; x_wconf 90' lang='lat' dir='ltr'>ut</span> <span class='ocrx_word' id='word_1_237' title='bbox 1505 1281 1542 1303; x_wconf 79' lang='lat' dir='ltr'>ex</span> <span class='ocrx_word' id='word_1_238' title='bbox 1566 1269 1626 1305; x_wconf 86' lang='lat' dir='ltr'>hoc</span> <span class='ocrx_word' id='word_1_239' title='bbox 1653 1271 1780 1306; x_wconf 86' lang='lat' dir='ltr'>maiori-</span> 
     </span>
     <span class='ocr_line' id='line_1_23' title="bbox 445 1315 1776 1356; baseline 0.002 -5"><span class='ocrx_word' id='word_1_240' title='bbox 445 1325 504 1356; x_wconf 56' lang='grc' dir='ltr'><strong>[ιρι.</strong></span> <span class='ocrx_word' id='word_1_241' title='bbox 528 1326 574 1356; x_wconf 67' lang='lat' dir='ltr'>die</span> <span class='ocrx_word' id='word_1_242' title='bbox 595 1327 631 1355; x_wconf 59' lang='lat'>&lt;19</span> <span class='ocrx_word' id='word_1_243' title='bbox 649 1326 786 1356; x_wconf 68' lang='lat' dir='ltr'>janum-ij,</span> <span class='ocrx_word' id='word_1_244' title='bbox 1030 1316 1088 1350; x_wconf 88' lang='lat' dir='ltr'>bus</span> <span class='ocrx_word' id='word_1_245' title='bbox 1113 1315 1265 1350; x_wconf 87' lang='lat' dir='ltr'>Ecclesiis</span> <span class='ocrx_word' id='word_1_246' title='bbox 1287 1315 1392 1350; x_wconf 87' lang='lat' dir='ltr'>debita</span> <span class='ocrx_word' id='word_1_247' title='bbox 1410 1318 1585 1352; x_wconf 75' lang='lat' dir='ltr'>reverentia</span> <span class='ocrx_word' id='word_1_248' title='bbox 1607 1320 1776 1354; x_wconf 88' lang='lat' dir='ltr'>minuatur.</span> 
     </span>
     <span class='ocr_line' id='line_1_24' title="bbox 1028 1364 1977 1422; baseline 0.011 -25"><span class='ocrx_word' id='word_1_249' title='bbox 1028 1364 1069 1398; x_wconf 88' lang='lat' dir='ltr'>Ut</span> <span class='ocrx_word' id='word_1_250' title='bbox 1102 1365 1196 1399; x_wconf 84' lang='lat' dir='ltr'>etiam</span> <span class='ocrx_word' id='word_1_251' title='bbox 1234 1364 1409 1399; x_wconf 85' lang='lat' dir='ltr'>iniunctum</span> <span class='ocrx_word' id='word_1_252' title='bbox 1439 1365 1493 1399; x_wconf 89' lang='lat' dir='ltr'>tibi</span> <span class='ocrx_word' id='word_1_253' title='bbox 1521 1366 1658 1401; x_wconf 86' lang='lat' dir='ltr'>officium</span> <span class='ocrx_word' id='word_1_254' title='bbox 1693 1376 1779 1404; x_wconf 84' lang='lat' dir='ltr'>tanto</span> <span class='ocrx_word' id='word_1_255' title='bbox 1807 1372 1977 1422; x_wconf 52' lang='lat' dir='ltr'>lu⁵⁶¹4⁶m2¹b³“</span> 
     </span>
     <span class='ocr_line' id='line_1_25' title="bbox 1028 1406 1977 1462; baseline 0.006 -16"><span class='ocrx_word' id='word_1_256' title='bbox 1028 1412 1158 1447; x_wconf 86' lang='lat' dir='ltr'>liberius</span> <span class='ocrx_word' id='word_1_257' title='bbox 1196 1413 1380 1459; x_wconf 81' lang='lat' dir='ltr'>exequaris,</span> <span class='ocrx_word' id='word_1_258' title='bbox 1415 1422 1532 1459; x_wconf 88' lang='lat' dir='ltr'>quanto</span> <span class='ocrx_word' id='word_1_259' title='bbox 1568 1416 1776 1462; x_wconf 89' lang='lat' dir='ltr'>apostolicum</span> <span class='ocrx_word' id='word_1_260' title='bbox 1793 1406 1854 1454; x_wconf 50' lang='lat' dir='ltr'>1⁸:⁵¹?ss</span> <span class='ocrx_word' id='word_1_261' title='bbox 1868 1409 1977 1459; x_wconf 50' lang='lat' dir='ltr'>&#39;iufepiss</span> 
     </span>
     <span class='ocr_line' id='line_1_26' title="bbox 582 1452 1899 1509; baseline 0.006 -16"><span class='ocrx_word' id='word_1_262' title='bbox 582 1452 645 1485; x_wconf 59' lang='lat' dir='ltr'>*sll-</span> <span class='ocrx_word' id='word_1_263' title='bbox 1006 1461 1081 1501; x_wconf 66' lang='lat' dir='ltr'>itibi</span> <span class='ocrx_word' id='word_1_264' title='bbox 1110 1461 1225 1496; x_wconf 81' lang='lat' dir='ltr'>videris</span> <span class='ocrx_word' id='word_1_265' title='bbox 1255 1461 1364 1497; x_wconf 87' lang='lat' dir='ltr'>adesse</span> <span class='ocrx_word' id='word_1_266' title='bbox 1392 1462 1596 1509; x_wconf 86' lang='lat' dir='ltr'>praesidium,</span> <span class='ocrx_word' id='word_1_267' title='bbox 1623 1465 1899 1500; x_wconf 57' lang='lat' dir='ltr'>sollicita-“0⁹³¹&#39;ff-</span> 
     </span>
     <span class='ocr_line' id='line_1_27' title="bbox 1005 1508 1778 1556; baseline 0.008 -13"><span class='ocrx_word' id='word_1_268' title='bbox 1005 1508 1089 1556; x_wconf 69' lang='lat' dir='ltr'>{dini</span> <span class='ocrx_word' id='word_1_269' title='bbox 1126 1518 1197 1544; x_wconf 87' lang='lat' dir='ltr'>tuae</span> <span class='ocrx_word' id='word_1_270' title='bbox 1226 1511 1383 1556; x_wconf 86' lang='lat' dir='ltr'>praesenti</span> <span class='ocrx_word' id='word_1_271' title='bbox 1416 1512 1602 1547; x_wconf 88' lang='lat' dir='ltr'>auctoritate</span> <span class='ocrx_word' id='word_1_272' title='bbox 1629 1515 1778 1549; x_wconf 88' lang='lat' dir='ltr'>concedi-</span> 
     </span>
     <span class='ocr_line' id='line_1_28' title="bbox 1026 1558 1777 1610; baseline 0.008 -18"><span class='ocrx_word' id='word_1_273' title='bbox 1026 1571 1109 1602; x_wconf 83' lang='lat' dir='ltr'>mus,</span> <span class='ocrx_word' id='word_1_274' title='bbox 1136 1568 1170 1592; x_wconf 90' lang='lat' dir='ltr'>ut</span> <span class='ocrx_word' id='word_1_275' title='bbox 1192 1558 1368 1594; x_wconf 82' lang='lat' dir='ltr'>abbatissas</span> <span class='ocrx_word' id='word_1_276' title='bbox 1382 1567 1413 1594; x_wconf 87' lang='lat' dir='ltr'>et</span> <span class='ocrx_word' id='word_1_277' title='bbox 1426 1559 1503 1595; x_wconf 87' lang='lat' dir='ltr'>alias</span> <span class='ocrx_word' id='word_1_278' title='bbox 1517 1561 1674 1602; x_wconf 81' lang='lat' dir='ltr'>mutieres,</span> <span class='ocrx_word' id='word_1_279' title='bbox 1697 1575 1777 1610; x_wconf 88' lang='lat' dir='ltr'>quae</span> 
     </span>
     <span class='ocr_line' id='line_1_29' title="bbox 1026 1606 1776 1658; baseline 0.008 -18"><span class='ocrx_word' id='word_1_280' title='bbox 1026 1606 1057 1641; x_wconf 93' lang='lat' dir='ltr'>in</span> <span class='ocrx_word' id='word_1_281' title='bbox 1085 1607 1267 1654; x_wconf 85' lang='lat' dir='ltr'>episcopatu</span> <span class='ocrx_word' id='word_1_282' title='bbox 1291 1615 1345 1643; x_wconf 89' lang='lat' dir='ltr'>tuo</span> <span class='ocrx_word' id='word_1_283' title='bbox 1367 1608 1513 1644; x_wconf 88' lang='lat' dir='ltr'>domibus</span> <span class='ocrx_word' id='word_1_284' title='bbox 1533 1609 1688 1656; x_wconf 84' lang='lat' dir='ltr'>religiosis</span> <span class='ocrx_word' id='word_1_285' title='bbox 1704 1624 1776 1658; x_wconf 87' lang='lat' dir='ltr'>prae-</span> 
     </span>
     <span class='ocr_line' id='line_1_30' title="bbox 1025 1659 1776 1704; baseline 0.007 -14"><span class='ocrx_word' id='word_1_286' title='bbox 1025 1667 1097 1691; x_wconf 89' lang='lat' dir='ltr'>esse</span> <span class='ocrx_word' id='word_1_287' title='bbox 1119 1665 1304 1699; x_wconf 89' lang='lat' dir='ltr'>noscuntur,</span> <span class='ocrx_word' id='word_1_288' title='bbox 1332 1669 1388 1704; x_wconf 89' lang='lat' dir='ltr'>per</span> <span class='ocrx_word' id='word_1_289' title='bbox 1413 1669 1545 1703; x_wconf 86' lang='lat' dir='ltr'>quarum</span> <span class='ocrx_word' id='word_1_290' title='bbox 1581 1659 1776 1695; x_wconf 90' lang='lat' dir='ltr'>insufficien-</span> 
     </span>
     <span class='ocr_line' id='line_1_31' title="bbox 1026 1704 1776 1751; baseline 0.008 -13"><span class='ocrx_word' id='word_1_291' title='bbox 1026 1704 1097 1739; x_wconf 84' lang='lat' dir='ltr'>tiam</span> <span class='ocrx_word' id='word_1_292' title='bbox 1134 1714 1163 1740; x_wconf 86' lang='lat' dir='ltr'>ct</span> <span class='ocrx_word' id='word_1_293' title='bbox 1198 1705 1420 1751; x_wconf 81' lang='lat' dir='ltr'>negligentiam</span> <span class='ocrx_word' id='word_1_294' title='bbox 1458 1706 1526 1741; x_wconf 89' lang='lat' dir='ltr'>Deo</span> <span class='ocrx_word' id='word_1_295' title='bbox 1552 1706 1684 1743; x_wconf 80' lang='lat' dir='ltr'>devotae</span> <span class='ocrx_word' id='word_1_296' title='bbox 1710 1709 1776 1744; x_wconf 87' lang='lat' dir='ltr'>foe-</span> 
     </span>
     <span class='ocr_line' id='line_1_32' title="bbox 1025 1753 1774 1801; baseline 0.008 -14"><span class='ocrx_word' id='word_1_297' title='bbox 1025 1753 1128 1788; x_wconf 87' lang='lat' dir='ltr'>minae</span> <span class='ocrx_word' id='word_1_298' title='bbox 1149 1753 1380 1789; x_wconf 87' lang='lat' dir='ltr'>observantiam</span> <span class='ocrx_word' id='word_1_299' title='bbox 1403 1754 1566 1801; x_wconf 83' lang='lat' dir='ltr'>religionis</span> <span class='ocrx_word' id='word_1_300' title='bbox 1587 1756 1774 1797; x_wconf 81' lang='lat' dir='ltr'>exorbitant,</span> 
     </span>
     <span class='ocr_line' id='line_1_33' title="bbox 1025 1802 1775 1842; baseline 0.007 -6"><span class='ocrx_word' id='word_1_301' title='bbox 1025 1813 1097 1836; x_wconf 90' lang='lat' dir='ltr'>cum</span> <span class='ocrx_word' id='word_1_302' title='bbox 1121 1802 1254 1837; x_wconf 88' lang='lat' dir='ltr'>consilio</span> <span class='ocrx_word' id='word_1_303' title='bbox 1281 1802 1467 1838; x_wconf 88' lang='lat' dir='ltr'>dilectorum</span> <span class='ocrx_word' id='word_1_304' title='bbox 1491 1804 1627 1839; x_wconf 89' lang='lat' dir='ltr'>filiorum</span> <span class='ocrx_word' id='word_1_305' title='bbox 1649 1814 1775 1842; x_wconf 88' lang='lat' dir='ltr'>nostro-</span> 
     </span>
     <span class='ocr_line' id='line_1_34' title="bbox 1024 1850 1772 1898; baseline 0.008 -14"><span class='ocrx_word' id='word_1_306' title='bbox 1024 1862 1092 1884; x_wconf 87' lang='lat' dir='ltr'>rum</span> <span class='ocrx_word' id='word_1_307' title='bbox 1111 1850 1218 1886; x_wconf 86' lang='lat' dir='ltr'>Sancti</span> <span class='ocrx_word' id='word_1_308' title='bbox 1238 1850 1387 1898; x_wconf 72' lang='lat' dir='ltr'>Cypriani</span> <span class='ocrx_word' id='word_1_309' title='bbox 1409 1860 1440 1887; x_wconf 90' lang='lat' dir='ltr'>et</span> <span class='ocrx_word' id='word_1_310' title='bbox 1461 1852 1499 1887; x_wconf 90' lang='lat' dir='ltr'>de</span> <span class='ocrx_word' id='word_1_311' title='bbox 1520 1853 1601 1888; x_wconf 91' lang='lat' dir='ltr'>Pinu</span> <span class='ocrx_word' id='word_1_312' title='bbox 1624 1854 1772 1890; x_wconf 88' lang='lat' dir='ltr'>abbatum</span> 
     </span>
     <span class='ocr_line' id='line_1_35' title="bbox 1024 1899 1771 1945; baseline 0.008 -12"><span class='ocrx_word' id='word_1_313' title='bbox 1024 1899 1181 1945; x_wconf 84' lang='lat' dir='ltr'>corrigere</span> <span class='ocrx_word' id='word_1_314' title='bbox 1219 1900 1337 1940; x_wconf 82' lang='lat' dir='ltr'>valeas;</span> <span class='ocrx_word' id='word_1_315' title='bbox 1371 1910 1401 1936; x_wconf 86' lang='lat' dir='ltr'>et</span> <span class='ocrx_word' id='word_1_316' title='bbox 1435 1902 1460 1936; x_wconf 92' lang='lat' dir='ltr'>si</span> <span class='ocrx_word' id='word_1_317' title='bbox 1489 1901 1632 1938; x_wconf 87' lang='lat' dir='ltr'>inventae</span> <span class='ocrx_word' id='word_1_318' title='bbox 1658 1903 1771 1939; x_wconf 77' lang='lat' dir='ltr'>fuerint</span> 
     </span>
     <span class='ocr_line' id='line_1_36' title="bbox 1023 1948 1773 2000; baseline 0.007 -18"><span class='ocrx_word' id='word_1_319' title='bbox 1023 1955 1238 1992; x_wconf 88' lang='lat' dir='ltr'>contumaces,</span> <span class='ocrx_word' id='word_1_320' title='bbox 1260 1948 1378 1996; x_wconf 88' lang='lat' dir='ltr'>absque</span> <span class='ocrx_word' id='word_1_321' title='bbox 1401 1950 1619 1997; x_wconf 88' lang='lat' dir='ltr'>appellationis</span> <span class='ocrx_word' id='word_1_322' title='bbox 1640 1951 1773 2000; x_wconf 83' lang='lat' dir='ltr'>diffugio</span> 
     </span>
     <span class='ocr_line' id='line_1_37' title="bbox 1023 1996 1771 2048; baseline 0.008 -18"><span class='ocrx_word' id='word_1_323' title='bbox 1023 1996 1188 2043; x_wconf 88' lang='lat' dir='ltr'>disciplina</span> <span class='ocrx_word' id='word_1_324' title='bbox 1210 1997 1419 2034; x_wconf 88' lang='lat' dir='ltr'>ecclesiastica</span> <span class='ocrx_word' id='word_1_325' title='bbox 1442 2011 1604 2034; x_wconf 86' lang='lat' dir='ltr'>coercere:</span> <span class='ocrx_word' id='word_1_326' title='bbox 1639 2010 1674 2036; x_wconf 90' lang='lat' dir='ltr'>ut</span> <span class='ocrx_word' id='word_1_327' title='bbox 1691 2013 1771 2048; x_wconf 85' lang='lat' dir='ltr'>quae</span> 
     </span>
     <span class='ocr_line' id='line_1_38' title="bbox 1023 2045 1771 2094; baseline 0.007 -15"><span class='ocrx_word' id='word_1_328' title='bbox 1023 2045 1234 2080; x_wconf 86' lang='lat' dir='ltr'>remediorum</span> <span class='ocrx_word' id='word_1_329' title='bbox 1264 2046 1402 2081; x_wconf 84' lang='lat' dir='ltr'>fomenta</span> <span class='ocrx_word' id='word_1_330' title='bbox 1435 2059 1496 2082; x_wconf 92' lang='lat' dir='ltr'>non</span> <span class='ocrx_word' id='word_1_331' title='bbox 1531 2049 1682 2089; x_wconf 86' lang='lat' dir='ltr'>sentiunt,</span> <span class='ocrx_word' id='word_1_332' title='bbox 1714 2062 1771 2094; x_wconf 92' lang='lat' dir='ltr'>pu-</span> 
     </span>
     <span class='ocr_line' id='line_1_39' title="bbox 1023 2093 1772 2133; baseline 0.007 -6"><span class='ocrx_word' id='word_1_333' title='bbox 1023 2093 1102 2128; x_wconf 92' lang='lat' dir='ltr'>trida</span> <span class='ocrx_word' id='word_1_334' title='bbox 1124 2093 1205 2129; x_wconf 86' lang='lat' dir='ltr'>ferro</span> <span class='ocrx_word' id='word_1_335' title='bbox 1233 2095 1360 2130; x_wconf 77' lang='lat' dir='ltr'>vulnera</span> <span class='ocrx_word' id='word_1_336' title='bbox 1382 2104 1580 2131; x_wconf 86' lang='lat' dir='ltr'>resecentur:</span> <span class='ocrx_word' id='word_1_337' title='bbox 1609 2097 1701 2132; x_wconf 76' lang='lat' dir='ltr'>salvis</span> <span class='ocrx_word' id='word_1_338' title='bbox 1716 2098 1772 2133; x_wconf 86' lang='lat' dir='ltr'>Ec-</span> 
     </span>
     <span class='ocr_line' id='line_1_40' title="bbox 1023 2141 1770 2190; baseline 0.005 -13"><span class='ocrx_word' id='word_1_339' title='bbox 1023 2141 1149 2181; x_wconf 84' lang='lat' dir='ltr'>clesiis,</span> <span class='ocrx_word' id='word_1_340' title='bbox 1187 2155 1267 2190; x_wconf 88' lang='lat' dir='ltr'>quae</span> <span class='ocrx_word' id='word_1_341' title='bbox 1306 2144 1390 2178; x_wconf 92' lang='lat' dir='ltr'>nullo</span> <span class='ocrx_word' id='word_1_342' title='bbox 1429 2144 1586 2180; x_wconf 86' lang='lat' dir='ltr'>mediante</span> <span class='ocrx_word' id='word_1_343' title='bbox 1627 2146 1770 2181; x_wconf 87' lang='lat' dir='ltr'>Romano</span> 
     </span>
     <span class='ocr_line' id='line_1_41' title="bbox 1023 2190 1959 2230; baseline 0.005 -5"><span class='ocrx_word' id='word_1_344' title='bbox 1023 2190 1167 2226; x_wconf 86' lang='lat' dir='ltr'>Pontifici</span> <span class='ocrx_word' id='word_1_345' title='bbox 1190 2201 1263 2227; x_wconf 89' lang='lat' dir='ltr'>sunt</span> <span class='ocrx_word' id='word_1_346' title='bbox 1291 2192 1462 2228; x_wconf 89' lang='lat' dir='ltr'>subiectae.</span> <span class='ocrx_word' id='word_1_347' title='bbox 1493 2194 1539 2228; x_wconf 85' lang='lat' dir='ltr'>Ad</span> <span class='ocrx_word' id='word_1_348' title='bbox 1567 2194 1644 2229; x_wconf 89' lang='lat' dir='ltr'>haec</span> <span class='ocrx_word' id='word_1_349' title='bbox 1664 2203 1768 2230; x_wconf 88' lang='lat' dir='ltr'>autem</span> <span class='ocrx_word' id='word_1_350' title='bbox 1797 2203 1959 2229; x_wconf 71' lang='lat' dir='ltr'>¹’=‹³er⁰⁵iturr=e</span> 
     </span>
     <span class='ocr_line' id='line_1_42' title="bbox 1024 2233 1966 2286; baseline 0.005 -12"><span class='ocrx_word' id='word_1_351' title='bbox 1024 2241 1270 2286; x_wconf 87' lang='lat' dir='ltr'>praeposituram</span> <span class='ocrx_word' id='word_1_352' title='bbox 1292 2241 1451 2276; x_wconf 84' lang='lat' dir='ltr'>Ecclesiae</span> <span class='ocrx_word' id='word_1_353' title='bbox 1475 2251 1546 2277; x_wconf 89' lang='lat' dir='ltr'>tuae</span> <span class='ocrx_word' id='word_1_354' title='bbox 1578 2255 1650 2277; x_wconf 91' lang='lat' dir='ltr'>cum</span> <span class='ocrx_word' id='word_1_355' title='bbox 1680 2256 1769 2278; x_wconf 77' lang='lat' dir='ltr'>raca·</span> <span class='ocrx_word' id='word_1_356' title='bbox 1784 2233 1966 2285; x_wconf 47' lang='grc' dir='ltr'>Ξῗζψὲῑςῗῗξζῗζ</span> 
     </span>
     <span class='ocr_line' id='line_1_43' title="bbox 1022 2289 1939 2346; baseline 0.005 -23"><span class='ocrx_word' id='word_1_357' title='bbox 1022 2298 1079 2329; x_wconf 86' lang='lat' dir='ltr'>ret,</span> <span class='ocrx_word' id='word_1_358' title='bbox 1107 2289 1252 2324; x_wconf 89' lang='lat' dir='ltr'>idoneam</span> <span class='ocrx_word' id='word_1_359' title='bbox 1286 2290 1465 2336; x_wconf 79' lang='lat' dir='ltr'>assignandi</span> <span class='ocrx_word' id='word_1_360' title='bbox 1500 2303 1664 2336; x_wconf 84' lang='lat' dir='ltr'>personam</span> <span class='ocrx_word' id='word_1_361' title='bbox 1696 2305 1767 2327; x_wconf 91' lang='lat' dir='ltr'>cum</span> <span class='ocrx_word' id='word_1_362' title='bbox 1805 2295 1939 2346; x_wconf 49' lang='lat' dir='ltr'>⁰⁰.¹‘³¹¹⁰{,¹fi“¹</span> 
     </span>
     <span class='ocr_line' id='line_1_44' title="bbox 1021 2330 1910 2387; baseline 0.004 -16"><span class='ocrx_word' id='word_1_363' title='bbox 1021 2348 1150 2371; x_wconf 86' lang='lat' dir='ltr'>assensu</span> <span class='ocrx_word' id='word_1_364' title='bbox 1174 2338 1299 2372; x_wconf 86' lang='lat' dir='ltr'>maioris</span> <span class='ocrx_word' id='word_1_365' title='bbox 1320 2347 1349 2372; x_wconf 86' lang='lat' dir='ltr'>et</span> <span class='ocrx_word' id='word_1_366' title='bbox 1370 2338 1502 2373; x_wconf 88' lang='lat' dir='ltr'>sanioris</span> <span class='ocrx_word' id='word_1_367' title='bbox 1521 2340 1618 2385; x_wconf 86' lang='lat' dir='ltr'>partis</span> <span class='ocrx_word' id='word_1_368' title='bbox 1639 2341 1767 2387; x_wconf 89' lang='lat' dir='ltr'>capituli</span> <span class='ocrx_word' id='word_1_369' title='bbox 1823 2330 1910 2346; x_wconf 15' lang='lat' dir='ltr'>..onem</span> 
     </span>
     <span class='ocr_line' id='line_1_45' title="bbox 269 2385 1766 2431; baseline 0.005 -15"><span class='ocrx_word' id='word_1_370' title='bbox 269 2391 310 2425; x_wconf 87' lang='lat' dir='ltr'>(t)</span> <span class='ocrx_word' id='word_1_371' title='bbox 329 2390 384 2418; x_wconf 79' lang='lat' dir='ltr'>Hoc</span> <span class='ocrx_word' id='word_1_372' title='bbox 402 2390 570 2426; x_wconf 72' lang='lat' dir='ltr'>privilegium</span> <span class='ocrx_word' id='word_1_373' title='bbox 585 2399 654 2418; x_wconf 85' lang='lat' dir='ltr'>anno</span> <span class='ocrx_word' id='word_1_374' title='bbox 673 2393 737 2419; x_wconf 65' lang='lat' dir='ltr'>¹18ss</span> <span class='ocrx_word' id='word_1_375' title='bbox 753 2402 811 2421; x_wconf 71' lang='lat' dir='ltr'>esse</span> <span class='ocrx_word' id='word_1_376' title='bbox 825 2396 982 2430; x_wconf 79' lang='lat' dir='ltr'>consignan-</span> <span class='ocrx_word' id='word_1_377' title='bbox 1022 2385 1150 2420; x_wconf 86' lang='lat' dir='ltr'>liberam</span> <span class='ocrx_word' id='word_1_378' title='bbox 1174 2385 1230 2420; x_wconf 90' lang='lat' dir='ltr'>tibi</span> <span class='ocrx_word' id='word_1_379' title='bbox 1263 2385 1431 2420; x_wconf 88' lang='lat' dir='ltr'>tribuimus</span> <span class='ocrx_word' id='word_1_380' title='bbox 1456 2387 1646 2422; x_wconf 80' lang='lat' dir='ltr'>facultatem.</span> <span class='ocrx_word' id='word_1_381' title='bbox 1674 2389 1766 2431; x_wconf 85' lang='lat' dir='ltr'>Quod</span> 
     </span>
     <span class='ocr_line' id='line_1_46' title="bbox 234 2430 1767 2481; baseline 0.005 -23"><span class='ocrx_word' id='word_1_382' title='bbox 234 2431 310 2472; x_wconf 84' lang='lat' dir='ltr'>dum,</span> <span class='ocrx_word' id='word_1_383' title='bbox 321 2432 420 2466; x_wconf 88' lang='lat' dir='ltr'>optime</span> <span class='ocrx_word' id='word_1_384' title='bbox 431 2430 571 2458; x_wconf 84' lang='lat' dir='ltr'>deducitur</span> <span class='ocrx_word' id='word_1_385' title='bbox 580 2438 613 2457; x_wconf 85' lang='lat' dir='ltr'>ex</span> <span class='ocrx_word' id='word_1_386' title='bbox 625 2431 694 2474; x_wconf 80' lang='lat' dir='ltr'>notis</span> <span class='ocrx_word' id='word_1_387' title='bbox 703 2432 903 2476; x_wconf 72' lang='lat' dir='ltr'>chronologiciS,</span> <span class='ocrx_word' id='word_1_388' title='bbox 914 2443 982 2470; x_wconf 82' lang='lat' dir='ltr'>quae</span> <span class='ocrx_word' id='word_1_389' title='bbox 1021 2434 1046 2468; x_wconf 76' lang='lat' dir='ltr'>si</span> <span class='ocrx_word' id='word_1_390' title='bbox 1069 2446 1163 2480; x_wconf 76' lang='lat' dir='ltr'>super</span> <span class='ocrx_word' id='word_1_391' title='bbox 1184 2445 1230 2474; x_wconf 64' lang='lat' dir='ltr'>ea,</span> <span class='ocrx_word' id='word_1_392' title='bbox 1254 2434 1301 2469; x_wconf 67' lang='lat' dir='ltr'>vel</span> <span class='ocrx_word' id='word_1_393' title='bbox 1322 2446 1418 2481; x_wconf 75' lang='lat' dir='ltr'>super</span> <span class='ocrx_word' id='word_1_394' title='bbox 1439 2434 1500 2470; x_wconf 78' lang='lat' dir='ltr'>alio</span> <span class='ocrx_word' id='word_1_395' title='bbox 1518 2435 1678 2472; x_wconf 71' lang='lat' dir='ltr'>Ecclesiae</span> <span class='ocrx_word' id='word_1_396' title='bbox 1697 2446 1767 2473; x_wconf 69' lang='lat' dir='ltr'>[uae</span> 
     </span>
     <span class='ocr_line' id='line_1_47' title="bbox 235 2469 1767 2522; baseline 0.006 -27"><span class='ocrx_word' id='word_1_397' title='bbox 235 2477 261 2496; x_wconf 82' lang='lat' dir='ltr'>iu</span> <span class='ocrx_word' id='word_1_398' title='bbox 277 2469 345 2496; x_wconf 65' lang='lat' dir='ltr'>mico</span> <span class='ocrx_word' id='word_1_399' title='bbox 359 2470 505 2512; x_wconf 81' lang='lat' dir='ltr'>sententiae</span> <span class='ocrx_word' id='word_1_400' title='bbox 520 2479 534 2496; x_wconf 82' lang='lat' dir='ltr'>a</span> <span class='ocrx_word' id='word_1_401' title='bbox 550 2469 676 2504; x_wconf 78' lang='lat' dir='ltr'>delegatis</span> <span class='ocrx_word' id='word_1_402' title='bbox 695 2473 846 2505; x_wconf 84' lang='lat' dir='ltr'>apostolicis</span> <span class='ocrx_word' id='word_1_403' title='bbox 856 2474 882 2500; x_wconf 83' lang='lat' dir='ltr'>in</span> <span class='ocrx_word' id='word_1_404' title='bbox 892 2481 981 2507; x_wconf 87' lang='lat' dir='ltr'>causa,</span> <span class='ocrx_word' id='word_1_405' title='bbox 1022 2482 1174 2517; x_wconf 65' lang='lat' dir='ltr'>beneficio</span> <span class='ocrx_word' id='word_1_406' title='bbox 1200 2482 1330 2518; x_wconf 61' lang='lat' dir='ltr'>cumbet</span> <span class='ocrx_word' id='word_1_407' title='bbox 1357 2483 1550 2519; x_wconf 64' lang='lat' dir='ltr'><strong>conferendo</strong></span> <span class='ocrx_word' id='word_1_408' title='bbox 1578 2493 1647 2520; x_wconf 59' lang='lat' dir='ltr'><strong>[uae</strong></span> <span class='ocrx_word' id='word_1_409' title='bbox 1669 2486 1767 2522; x_wconf 66' lang='lat' dir='ltr'>dem-</span> 
     </span>
     <span class='ocr_line' id='line_1_48' title="bbox 235 2507 1767 2578; baseline 0.006 -17"><span class='ocrx_word' id='word_1_410' title='bbox 235 2507 268 2535; x_wconf 72' lang='lat' dir='ltr'>d⁸</span> <span class='ocrx_word' id='word_1_411' title='bbox 286 2516 339 2543; x_wconf 68' lang='lat'>‘¹¹³³</span> <span class='ocrx_word' id='word_1_412' title='bbox 355 2508 398 2536; x_wconf 55' lang='lat'>¹¹¹⁰</span> <span class='ocrx_word' id='word_1_413' title='bbox 415 2510 511 2544; x_wconf 55' lang='lat'>‘&#39;3³²⁰&#39;&#39;</span> <span class='ocrx_word' id='word_1_414' title='bbox 536 2511 600 2536; x_wconf 56' lang='lat'><strong>&#39;³¹³⁰</strong></span> <span class='ocrx_word' id='word_1_415' title='bbox 626 2510 756 2544; x_wconf 80' lang='lat' dir='ltr'>leguntur.</span> <span class='ocrx_word' id='word_1_416' title='bbox 797 2512 837 2546; x_wconf 48' lang='grc'>(2)</span> <span class='ocrx_word' id='word_1_417' title='bbox 853 2512 894 2539; x_wconf 84' lang='lat' dir='ltr'>Ex</span> <span class='ocrx_word' id='word_1_418' title='bbox 914 2512 980 2540; x_wconf 76' lang='lat' dir='ltr'>Car·</span> <span class='ocrx_word' id='word_1_419' title='bbox 1022 2530 1098 2565; x_wconf 87' lang='lat' dir='ltr'>tioni</span> <span class='ocrx_word' id='word_1_420' title='bbox 1114 2532 1308 2578; x_wconf 74' lang='lat' dir='ltr'>scripsimus,</span> <span class='ocrx_word' id='word_1_421' title='bbox 1336 2533 1445 2567; x_wconf 89' lang='lat' dir='ltr'>arctari</span> <span class='ocrx_word' id='word_1_422' title='bbox 1468 2541 1496 2568; x_wconf 93' lang='lat' dir='ltr'>te</span> <span class='ocrx_word' id='word_1_423' title='bbox 1518 2533 1666 2569; x_wconf 87' lang='lat' dir='ltr'>nolumus</span> <span class='ocrx_word' id='word_1_424' title='bbox 1679 2547 1767 2570; x_wconf 88' lang='lat' dir='ltr'>man-</span> 
     </span>
    </p>
   </div>
   <div class='ocr_carea' id='block_1_3' title="bbox 235 2547 1765 2634">
    <p class='ocr_par' dir='ltr' id='par_1_3' title="bbox 235 2547 1765 2634">
     <span class='ocr_line' id='line_1_49' title="bbox 235 2547 1762 2589; baseline 0.01 -16"><span class='ocrx_word' id='word_1_425' title='bbox 235 2547 329 2574; x_wconf 83' lang='lat' dir='ltr'>tulario</span> <span class='ocrx_word' id='word_1_426' title='bbox 344 2547 475 2575; x_wconf 73' lang='lat' dir='ltr'>Ecclesiae</span> <span class='ocrx_word' id='word_1_427' title='bbox 490 2548 568 2576; x_wconf 76' lang='lat' dir='ltr'>buius</span> <span class='ocrx_word' id='word_1_428' title='bbox 587 2550 667 2576; x_wconf 79' lang='lat' dir='ltr'>edidit</span> <span class='ocrx_word' id='word_1_429' title='bbox 689 2550 815 2583; x_wconf 59' lang='lat' dir='ltr'>hiertam,</span> <span class='ocrx_word' id='word_1_430' title='bbox 839 2552 980 2585; x_wconf 75' lang='lat' dir='ltr'>Anecdot.,</span> <span class='ocrx_word' id='word_1_431' title='bbox 1274 2581 1279 2586; x_wconf 81' lang='grc'><em>,</em></span> <span class='ocrx_word' id='word_1_432' title='bbox 1430 2581 1434 2587; x_wconf 92' lang='grc'><strong>,</strong></span> <span class='ocrx_word' id='word_1_433' title='bbox 1730 2586 1735 2589; x_wconf 89' lang='grc'><strong>,</strong></span> <span class='ocrx_word' id='word_1_434' title='bbox 1759 2586 1762 2588; x_wconf 89' lang='grc'>,</span> 
     </span>
     <span class='ocr_line' id='line_1_50' title="bbox 236 2581 1765 2634; baseline 0.006 -24"><span class='ocrx_word' id='word_1_435' title='bbox 236 2590 299 2612; x_wconf 73' lang='lat' dir='ltr'>tom.</span> <span class='ocrx_word' id='word_1_436' title='bbox 321 2594 339 2617; x_wconf 84' lang='grc' dir='ltr'>ι,</span> <span class='ocrx_word' id='word_1_437' title='bbox 357 2593 415 2621; x_wconf 83' lang='lat' dir='ltr'>pag.</span> <span class='ocrx_word' id='word_1_438' title='bbox 437 2587 497 2614; x_wconf 73' lang='lat'>620.</span> <span class='ocrx_word' id='word_1_439' title='bbox 999 2582 1126 2634; x_wconf 56' lang='lat' dir='ltr'>{datum</span> <span class='ocrx_word' id='word_1_440' title='bbox 1150 2581 1354 2626; x_wconf 68' lang='lat' dir='ltr'>apostolicum</span> <span class='ocrx_word' id='word_1_441' title='bbox 1387 2581 1577 2629; x_wconf 79' lang='lat' dir='ltr'>adimplere,</span> <span class='ocrx_word' id='word_1_442' title='bbox 1615 2585 1670 2619; x_wconf 91' lang='lat' dir='ltr'>sed</span> <span class='ocrx_word' id='word_1_443' title='bbox 1707 2597 1765 2620; x_wconf 79' lang='lat' dir='ltr'>nisi</span> 
     </span>
    </p>
   </div>
   <div class='ocr_carea' id='block_1_4' title="bbox 535 1389 709 1397">
    <p class='ocr_par' dir='ltr' id='par_1_4' title="bbox 535 1389 709 1397">
     <span class='ocr_line' id='line_1_51' title="bbox 535 1389 709 1397; baseline 0 1826"><span class='ocrx_word' id='word_1_444' title='bbox 535 1389 709 1397; x_wconf 95' lang='lat' dir='ltr'> </span> 
     </span>
    </p>
   </div>
   <div class='ocr_carea' id='block_1_5' title="bbox 276 1524 950 1613">
    <p class='ocr_par' dir='ltr' id='par_1_5' title="bbox 276 1524 950 1613">
     <span class='ocr_line' id='line_1_52' title="bbox 276 1524 950 1557; baseline -0.003 -1"><span class='ocrx_word' id='word_1_445' title='bbox 276 1524 442 1557; x_wconf 79' lang='lat' dir='ltr'>Decretalt&#39;s</span> <span class='ocrx_word' id='word_1_446' title='bbox 469 1531 574 1556; x_wconf 77' lang='lat' dir='ltr'>cotnra</span> <span class='ocrx_word' id='word_1_447' title='bbox 597 1524 758 1556; x_wconf 76' lang='lat' dir='ltr'>nonnullos</span> <span class='ocrx_word' id='word_1_448' title='bbox 787 1524 898 1556; x_wconf 78' lang='lat' dir='ltr'>abusus</span> <span class='ocrx_word' id='word_1_449' title='bbox 922 1535 950 1555; x_wconf 79' lang='lat' dir='ltr'>m</span> 
     </span>
     <span class='ocr_line' id='line_1_53' title="bbox 324 1572 897 1613; baseline -0.002 -8"><span class='ocrx_word' id='word_1_450' title='bbox 324 1572 499 1605; x_wconf 77' lang='lat' dir='ltr'>Pictavensi</span> <span class='ocrx_word' id='word_1_451' title='bbox 524 1572 651 1605; x_wconf 77' lang='lat' dir='ltr'>dioecesi</span> <span class='ocrx_word' id='word_1_452' title='bbox 677 1573 808 1605; x_wconf 72' lang='lat' dir='ltr'>invectos</span> <span class='ocrx_word' id='word_1_453' title='bbox 837 1573 897 1613; x_wconf 71' lang='lat'>(2).</span> 
     </span>
    </p>
   </div>
   <div class='ocr_carea' id='block_1_6' title="bbox 501 1640 714 1671">
    <p class='ocr_par' dir='ltr' id='par_1_6' title="bbox 501 1640 714 1671">
     <span class='ocr_line' id='line_1_54' title="bbox 501 1640 714 1671; baseline 0.005 -2"><span class='ocrx_word' id='word_1_454' title='bbox 501 1640 621 1671; x_wconf 71' lang='lat' dir='ltr'>SUMMA</span> <span class='ocrx_word' id='word_1_455' title='bbox 628 1640 714 1670; x_wconf 73' lang='lat' dir='ltr'>fltmt</span> 
     </span>
    </p>
   </div>
   <div class='ocr_carea' id='block_1_7' title="bbox 236 1701 985 2039">
    <p class='ocr_par' dir='ltr' id='par_1_7' title="bbox 236 1701 985 1820">
     <span class='ocr_line' id='line_1_55' title="bbox 236 1701 985 1741; baseline 0 -9"><span class='ocrx_word' id='word_1_456' title='bbox 236 1701 380 1732; x_wconf 81' lang='lat' dir='ltr'>Beneficia</span> <span class='ocrx_word' id='word_1_457' title='bbox 393 1701 605 1738; x_wconf 85' lang='lat' dir='ltr'>ecclesiastica,</span> <span class='ocrx_word' id='word_1_458' title='bbox 625 1706 780 1741; x_wconf 85' lang='lat' dir='ltr'>antequam</span> <span class='ocrx_word' id='word_1_459' title='bbox 799 1707 910 1738; x_wconf 84' lang='lat' dir='ltr'>vacent,</span> <span class='ocrx_word' id='word_1_460' title='bbox 927 1712 985 1732; x_wconf 87' lang='lat' dir='ltr'>non</span> 
     </span>
     <span class='ocr_line' id='line_1_56' title="bbox 276 1744 985 1784; baseline 0 -9"><span class='ocrx_word' id='word_1_461' title='bbox 276 1745 482 1784; x_wconf 83' lang='lat' dir='ltr'>promittenda.</span> <span class='ocrx_word' id='word_1_462' title='bbox 499 1762 538 1767; x_wconf 93' lang='lat'><strong>—</strong></span> <span class='ocrx_word' id='word_1_463' title='bbox 554 1744 700 1784; x_wconf 80' lang='lat' dir='ltr'>Episcopo</span> <span class='ocrx_word' id='word_1_464' title='bbox 715 1745 863 1776; x_wconf 85' lang='lat' dir='ltr'>Pictaven.</span> <span class='ocrx_word' id='word_1_465' title='bbox 879 1746 914 1776; x_wconf 87' lang='lat' dir='ltr'>de</span> <span class='ocrx_word' id='word_1_466' title='bbox 934 1746 985 1776; x_wconf 85' lang='lat' dir='ltr'>be-</span> 
     </span>
     <span class='ocr_line' id='line_1_57' title="bbox 275 1789 983 1820; baseline 0.004 -2"><span class='ocrx_word' id='word_1_467' title='bbox 275 1789 389 1819; x_wconf 87' lang='lat' dir='ltr'>neficiis</span> <span class='ocrx_word' id='word_1_468' title='bbox 407 1789 482 1819; x_wconf 86' lang='lat' dir='ltr'>ultra</span> <span class='ocrx_word' id='word_1_469' title='bbox 510 1799 558 1818; x_wconf 75' lang='lat' dir='ltr'>sex</span> <span class='ocrx_word' id='word_1_470' title='bbox 583 1798 702 1819; x_wconf 80' lang='lat' dir='ltr'>meuses</span> <span class='ocrx_word' id='word_1_471' title='bbox 725 1790 896 1820; x_wconf 86' lang='lat' dir='ltr'>vacantibus</span> <span class='ocrx_word' id='word_1_472' title='bbox 919 1791 983 1820; x_wconf 90' lang='lat' dir='ltr'>col-</span> 
     </span>
    </p>

    <p class='ocr_par' dir='ltr' id='par_1_8' title="bbox 275 1833 985 2039">
     <span class='ocr_line' id='line_1_58' title="bbox 275 1833 985 1873; baseline 0.003 -11"><span class='ocrx_word' id='word_1_473' title='bbox 275 1833 413 1862; x_wconf 84' lang='lat' dir='ltr'>lationem</span> <span class='ocrx_word' id='word_1_474' title='bbox 433 1834 576 1863; x_wconf 82' lang='lat' dir='ltr'>concedit.</span> <span class='ocrx_word' id='word_1_475' title='bbox 598 1850 637 1856; x_wconf 94' lang='lat'>—-</span> <span class='ocrx_word' id='word_1_476' title='bbox 658 1833 707 1863; x_wconf 87' lang='lat' dir='ltr'>Ius</span> <span class='ocrx_word' id='word_1_477' title='bbox 729 1834 824 1864; x_wconf 86' lang='lat' dir='ltr'>eidem</span> <span class='ocrx_word' id='word_1_478' title='bbox 845 1835 985 1873; x_wconf 79' lang='lat' dir='ltr'>elargitur</span> 
     </span>
     <span class='ocr_line' id='line_1_59' title="bbox 275 1876 983 1918; baseline 0.003 -12"><span class='ocrx_word' id='word_1_479' title='bbox 275 1877 305 1907; x_wconf 91' lang='lat' dir='ltr'>in</span> <span class='ocrx_word' id='word_1_480' title='bbox 327 1876 492 1906; x_wconf 86' lang='lat' dir='ltr'>abbatissas</span> <span class='ocrx_word' id='word_1_481' title='bbox 514 1878 560 1907; x_wconf 88' lang='lat' dir='ltr'>sui</span> <span class='ocrx_word' id='word_1_482' title='bbox 583 1878 779 1917; x_wconf 87' lang='lat' dir='ltr'>episcopatus.</span> <span class='ocrx_word' id='word_1_483' title='bbox 797 1894 836 1901; x_wconf 90' lang='lat'>—</span> <span class='ocrx_word' id='word_1_484' title='bbox 854 1878 983 1918; x_wconf 83' lang='lat' dir='ltr'>Praepo-</span> 
     </span>
     <span class='ocr_line' id='line_1_60' title="bbox 277 1919 982 1960; baseline 0.007 -12"><span class='ocrx_word' id='word_1_485' title='bbox 277 1919 386 1950; x_wconf 89' lang='lat' dir='ltr'>siturae</span> <span class='ocrx_word' id='word_1_486' title='bbox 410 1929 527 1960; x_wconf 88' lang='lat' dir='ltr'>quoque</span> <span class='ocrx_word' id='word_1_487' title='bbox 549 1920 697 1952; x_wconf 87' lang='lat' dir='ltr'>Ecclesiae</span> <span class='ocrx_word' id='word_1_488' title='bbox 720 1921 865 1952; x_wconf 81' lang='lat' dir='ltr'>Pictaveu.</span> <span class='ocrx_word' id='word_1_489' title='bbox 888 1923 982 1953; x_wconf 87' lang='lat' dir='ltr'>colla-</span> 
     </span>
     <span class='ocr_line' id='line_1_61' title="bbox 276 1964 983 1997; baseline 0.007 -5"><span class='ocrx_word' id='word_1_490' title='bbox 276 1964 383 1993; x_wconf 83' lang='lat' dir='ltr'>tionem</span> <span class='ocrx_word' id='word_1_491' title='bbox 402 1964 546 1994; x_wconf 88' lang='lat' dir='ltr'>concedit.</span> <span class='ocrx_word' id='word_1_492' title='bbox 568 1981 607 1988; x_wconf 88' lang='lat'><em>-</em></span> <span class='ocrx_word' id='word_1_493' title='bbox 630 1965 667 1996; x_wconf 87' lang='lat' dir='ltr'>De</span> <span class='ocrx_word' id='word_1_494' title='bbox 686 1966 802 1996; x_wconf 89' lang='lat' dir='ltr'>duobus</span> <span class='ocrx_word' id='word_1_495' title='bbox 831 1967 983 1997; x_wconf 81' lang='lat' dir='ltr'>beneficiis</span> 
     </span>
     <span class='ocr_line' id='line_1_62' title="bbox 276 2006 630 2039; baseline 0.003 -3"><span class='ocrx_word' id='word_1_496' title='bbox 276 2006 365 2036; x_wconf 88' lang='lat' dir='ltr'>simul</span> <span class='ocrx_word' id='word_1_497' title='bbox 383 2015 440 2036; x_wconf 88' lang='lat' dir='ltr'>non</span> <span class='ocrx_word' id='word_1_498' title='bbox 459 2008 630 2039; x_wconf 88' lang='lat' dir='ltr'>retinendis.</span> 
     </span>
    </p>
   </div>
   <div class='ocr_carea' id='block_1_8' title="bbox 236 2072 984 2197">
    <p class='ocr_par' dir='ltr' id='par_1_9' title="bbox 236 2072 984 2197">
     <span class='ocr_line' id='line_1_63' title="bbox 236 2072 982 2110; baseline 0.005 -9"><span class='ocrx_word' id='word_1_499' title='bbox 236 2072 330 2102; x_wconf 72' lang='lat' dir='ltr'>Lucius</span> <span class='ocrx_word' id='word_1_500' title='bbox 349 2072 490 2109; x_wconf 72' lang='lat' dir='ltr'>opiscopus</span> <span class='ocrx_word' id='word_1_501' title='bbox 515 2080 609 2103; x_wconf 80' lang='lat' dir='ltr'>servus</span> <span class='ocrx_word' id='word_1_502' title='bbox 638 2081 778 2104; x_wconf 77' lang='lat' dir='ltr'>sorvorum</span> <span class='ocrx_word' id='word_1_503' title='bbox 795 2076 851 2110; x_wconf 80' lang='lat' dir='ltr'>Dei.</span> <span class='ocrx_word' id='word_1_504' title='bbox 872 2083 982 2105; x_wconf 75' lang='lat' dir='ltr'>vonera-</span> 
     </span>
     <span class='ocr_line' id='line_1_64' title="bbox 280 2115 984 2157; baseline 0.007 -12"><span class='ocrx_word' id='word_1_505' title='bbox 280 2116 328 2145; x_wconf 77' lang='lat' dir='ltr'>tiilt</span> <span class='ocrx_word' id='word_1_506' title='bbox 348 2115 434 2146; x_wconf 66' lang='lat' dir='ltr'>tratri</span> <span class='ocrx_word' id='word_1_507' title='bbox 453 2117 591 2147; x_wconf 73' lang='lat' dir='ltr'>Guillelmo</span> <span class='ocrx_word' id='word_1_508' title='bbox 612 2119 762 2149; x_wconf 63' lang='lat' dir='ltr'>pictavensi</span> <span class='ocrx_word' id='word_1_509' title='bbox 785 2122 917 2157; x_wconf 71' lang='lat' dir='ltr'>episeopo.</span> <span class='ocrx_word' id='word_1_510' title='bbox 938 2129 984 2150; x_wconf 82' lang='lat' dir='ltr'>sa-</span> 
     </span>
     <span class='ocr_line' id='line_1_65' title="bbox 279 2161 848 2197; baseline 0.009 -8"><span class='ocrx_word' id='word_1_511' title='bbox 279 2161 366 2190; x_wconf 82' lang='lat' dir='ltr'>lutem</span> <span class='ocrx_word' id='word_1_512' title='bbox 381 2163 410 2190; x_wconf 78' lang='lat' dir='ltr'>ot</span> <span class='ocrx_word' id='word_1_513' title='bbox 429 2162 607 2197; x_wconf 73' lang='lat' dir='ltr'>apostoticam</span> <span class='ocrx_word' id='word_1_514' title='bbox 626 2164 848 2194; x_wconf 81' lang='lat' dir='ltr'>benedictionem.</span> 
     </span>
    </p>
   </div>
   <div class='ocr_carea' id='block_1_9' title="bbox 38 2222 983 2362">
    <p class='ocr_par' dir='ltr' id='par_1_10' title="bbox 38 2222 983 2362">
     <span class='ocr_line' id='line_1_66' title="bbox 283 2222 983 2264; baseline 0.006 -5"><span class='ocrx_word' id='word_1_515' title='bbox 283 2222 365 2259; x_wconf 89' lang='lat' dir='ltr'>Cum</span> <span class='ocrx_word' id='word_1_516' title='bbox 387 2224 425 2259; x_wconf 82' lang='lat' dir='ltr'>sit</span> <span class='ocrx_word' id='word_1_517' title='bbox 456 2224 485 2258; x_wconf 91' lang='lat' dir='ltr'>in</span> <span class='ocrx_word' id='word_1_518' title='bbox 513 2223 713 2260; x_wconf 90' lang='lat' dir='ltr'>Lateranensi</span> <span class='ocrx_word' id='word_1_519' title='bbox 748 2227 890 2264; x_wconf 88' lang='lat' dir='ltr'>concilio.</span> <span class='ocrx_word' id='word_1_520' title='bbox 904 2240 983 2263; x_wconf 90' lang='lat' dir='ltr'>con-</span> 
     </span>
     <span class='ocr_line' id='line_1_67' title="bbox 38 2267 981 2323; baseline -0.004 -13"><span class='ocrx_word' id='word_1_521' title='bbox 38 2267 167 2323; x_wconf 42' lang='grc' dir='ltr'>ιὶζῗξδῗξὲζ,</span> <span class='ocrx_word' id='word_1_522' title='bbox 181 2273 221 2318; x_wconf 66' lang='grc' dir='ltr'>ξξζ</span> <span class='ocrx_word' id='word_1_523' title='bbox 235 2274 380 2308; x_wconf 80' lang='lat' dir='ltr'>stitutum</span> <span class='ocrx_word' id='word_1_524' title='bbox 421 2272 459 2306; x_wconf 84' lang='lat' dir='ltr'>ad</span> <span class='ocrx_word' id='word_1_525' title='bbox 505 2273 740 2309; x_wconf 79' lang='lat' dir='ltr'>immoderatam</span> <span class='ocrx_word' id='word_1_526' title='bbox 783 2276 981 2322; x_wconf 80' lang='lat' dir='ltr'>quorundam</span> 
     </span>
     <span class='ocr_line' id='line_1_68' title="bbox 39 2321 982 2362; baseline -0.005 -4"><span class='ocrx_word' id='word_1_527' title='bbox 39 2331 122 2356; x_wconf 60' lang='lat' dir='ltr'>*esum</span> <span class='ocrx_word' id='word_1_528' title='bbox 135 2331 220 2351; x_wconf 66' lang='lat' dir='ltr'>*wem-</span> <span class='ocrx_word' id='word_1_529' title='bbox 236 2322 393 2357; x_wconf 83' lang='lat' dir='ltr'>avaritiam</span> <span class='ocrx_word' id='word_1_530' title='bbox 421 2321 639 2362; x_wconf 90' lang='lat' dir='ltr'>coercendam,</span> <span class='ocrx_word' id='word_1_531' title='bbox 669 2332 697 2358; x_wconf 90' lang='lat' dir='ltr'>et</span> <span class='ocrx_word' id='word_1_532' title='bbox 721 2324 890 2360; x_wconf 88' lang='lat' dir='ltr'>tollendam</span> <span class='ocrx_word' id='word_1_533' title='bbox 915 2338 982 2360; x_wconf 68' lang='lat' dir='ltr'>ma-</span> 
     </span>
    </p>
   </div>
  </div>
 </body>
</html>
