2129 3223
42 230 90 259 An.
107 229 217 258 (1.1199

45 830 127 853 taem
161 831 188 853 cn
177 837 213 853 ne-

33 863 101 884 tostini
116 862 155 884 Pr.
175 869 213 885 su-

33 899 68 921 per
82 894 156 916 eodem
171 899 211 915 no-

31 926 93 951 gotio.

820 228 1033 252 iwxocssNrit's
1060 230 1096 252 111
1120 229 1168 252 PP.

230 293 373 331 satagens
399 283 612 329 comprobare:
649 295 721 318 cum
755 295 864 319 omnes
901 284 968 332 epi-

229 335 315 382 scopi
342 332 558 370 aliberatione
589 333 746 368 civitatum
781 333 902 368 illarum
936 333 966 368 in

230 384 291 419 illis
315 382 438 418 duobus
464 381 695 429 episcopatibus
717 394 771 429 per
798 382 965 418 Bracaren.

228 432 497 479 archiepiscopum
544 430 657 466 suerint
686 433 875 475 consecrati,
913 432 967 479 qui

227 483 253 517 ei
269 489 416 529 tanquam
438 493 496 516 suo
510 481 750 528 metropolitano
766 482 967 516 reverentiam

226 540 256 566 et
286 531 497 566 obedientiam
533 530 767 577 impenderunt,
805 531 965 565 venientes

225 580 263 616 ad
285 579 416 616 concilia
448 580 614 615 Bracaren
659 588 805 626 tanquam
847 581 964 627 proprii

224 629 409 678 suffraganei
443 637 474 665 et
506 630 648 677 querelas
670 642 742 664 suas
771 641 876 664 coram
907 641 967 664 eo—

225 679 296 715 dem
319 658 573 726 archiepiscopo
616 686 839 726 proponentes,
888 679 967 714 sicut

225 741 281 777 per
300 729 416 765 multos
437 736 532 764 testes
545 728 718 772 asserebat,
732 737 761 763 et
775 736 846 763 tuae
861 729 966 775 partis,

225 779 376 826 quaedam
414 779 507 813 etiam
541 779 746 813 instrumenta
777 777 968 813 sufficienter

225 840 294 864 esse
325 828 500 876 probatum
547 827 680 863 Litteras
725 836 826 863 autem
867 827 966 863 bonae

226 890 395 914 memoriae
423 877 591 913 Coelestini
630 877 733 925 Papae
779 876 966 924 praedeces-

225 928 305 963 soris
326 928 423 963 nostri
445 939 538 975 super
563 927 674 962 eodem
702 927 831 982 negocio
860 939 915 974 pro
937 935 966 962 te

224 985 331 1013 contra
356 977 523 1012 Bracaren
558 976 732 1012 Ecclesiam
772 977 964 1024 impetratas,

224 1027 254 1061 in
276 1027 364 1063 nullo
385 1026 442 1062 sihi
467 1038 558 1073 posse
581 1026 795 1073 praeiudicare
824 1026 965 1067 dicebat;

223 1088 294 1112 cum
331 1076 385 1111 lite
423 1076 578 1123 pendente
624 1075 738 1110 fuerint
771 1077 965 1123 impetratae,

223 1125 350 1173 quando
371 1125 527 1161 nonlicet
560 1125 652 1160 etiam
689 1126 877 1172 supplicare.
915 1124 964 1160 Tu

222 1187 295 1211 vero
322 1183 442 1223 praeter
465 1175 632 1222 praemissa
654 1174 763 1208 lortius
797 1174 964 1220 allegabaS,

223 1224 306 1272 quod
328 1237 401 1260 cum
425 1224 463 1259 G.
507 1224 672 1259 Bracaren.
709 1224 965 1271 archiepiscopus

223 1282 254 1308 et
273 1273 314 1308 M.
337 1274 507 1310 canonicus
541 1282 572 1308 et
609 1273 741 1308 clericus
779 1281 850 1308 tuus
889 1273 963 1308 olim

222 1332 327 1359 essent
359 1324 390 1359 in
433 1323 605 1370 praesentia
647 1322 747 1357 bonae
794 1322 964 1357 memoriae

209 1373 391 1408 ‘Alexandri
428 1372 530 1420 Papae
572 1371 824 1419 praedecessoris
866 1372 962 1406 nostri

224 1423 339 1470 pariter
355 1423 529 1463 constituti,
550 1421 660 1457 eodem
681 1420 724 1456 Μ.
761 1421 875 1457 clerico
910 1429 964 1457 tuo

223 1472 351 1508 firmiter
398 1479 619 1520 praeponente,
670 1471 753 1518 quod
795 1471 961 1506 Bracaren.

222 1522 477 1570 archiepiscopus
522 1521 627 1569 plures
672 1521 712 1555 de
762 1520 963 1567 suffraganeis

223 1572 294 1612 tuis,
316 1579 347 1607 et
359 1583 527 1619 praecipue
548 1570 737 1606 Ulixbonen.
760 1578 790 1606 et
812 1570 962 1605 Elboiffen

221 1622 387 1669 episcopos
412 1628 629 1668 occupaverat;
665 1620 768 1655 dictus
800 1620 962 1675 archiepi—

221 1683 336 1718 scopus
368 1684 385 1705 e
431 1678 537 1705 contra
589 1669 785 1716 respondens
817 1670 962 1709 asseruit,

221 1720 304 1768 quod
331 1720 485 1768 praefatos
502 1721 671 1767 episcopos
704 1720 880 1754 nullatenus
907 1719 963 1753 de-

221 1771 347 1811 tineret,
367 1782 427 1805 nec
448 1769 487 1804 ab
509 1770 553 1805 eis
575 1769 784 1804 obedientiam
827 1769 871 1804 vel
906 1781 963 1803 re-

222 1819 389 1854 verentiam
413 1819 548 1867 aliquam
588 1819 736 1865 exigeret,
772 1830 831 1853 nec
869 1818 961 1854 etiam

221 1868 454 1917 quomodolibet
476 1868 652 1916 impediret,
673 1880 735 1915 quo
763 1868 867 1902 minus
895 1868 962 1909 tibi,

221 1927 252 1953 et
273 1917 434 1954 Ecclesiae
456 1927 525 1953 tuae
547 1917 705 1958 obediant,
733 1925 763 1952 et
792 1917 961 1953 subiectio-

222 1980 294 2004 nem
308 1968 500 2015 impendant.
524 1967 646 2003 Adiecit
666 1968 757 2002 etiam
779 1967 863 2014 quod
890 1980 961 2003 cum

224 2017 338 2053 nobilis
377 2018 424 2052 vir
456 2017 519 2051 dux
561 2017 773 2063 Portugallen.
807 2018 961 2052 civitatem

222 2067 370 2102 Elboren.
405 2067 579 2113 coepisset,
612 2079 651 2101 ne
678 2067 708 2100 in
746 2067 960 2114 paganismum

222 2116 349 2157 rediret,
387 2116 532 2151 instantia
570 2116 637 2159 eius
669 2116 705 2150 N.
743 2116 963 2163 praedecessor

222 2178 298 2202 suus
320 2166 434 2201 ibidem
462 2166 648 2213 episcopum
671 2166 875 2200 consecravit.
898 2165 961 2201 Sed

221 2220 326 2251 tamen
364 2214 403 2249 ab
438 2227 476 2250 eo
514 2215 627 2249 nullam
670 2214 877 2250 obedientiam
917 2216 961 2250 vel

222 2265 426 2301 reverentiam
450 2265 622 2312 requisivit,
645 2264 752 2307 immo,
791 2273 822 2299 ut
851 2264 963 2300 Eccle-

222 2315 286 2350 siae
310 2313 586 2361 Compostellanae
614 2313 755 2348 obediret
794 2314 962 2353 mandavit

222 2364 276 2412 qui
314 2364 455 2399 nondum
507 2371 636 2411 propter
671 2370 897 2410 paupertatem,
934 2373 963 2398 et

222 2413 297 2461 quia
323 2413 453 2448 nimium
481 2421 621 2448 remotus
641 2420 699 2455 est,
721 2412 758 2446 ad
794 2420 876 2447 tuam
909 2425 962 2448 ac-

223 2470 316 2498 cessit
335 2461 519 2498 Ecclesram
546 2462 591 2497 De
623 2460 692 2496 aliis
728 2473 798 2496 vero
836 2462 964 2508 episco-

226 2511 348 2559 patibus
365 2523 444 2560 quos
469 2512 552 2547 idem
575 2511 616 2546 Μ.
639 2510 771 2546 clericus
810 2518 881 2547 tuus
915 2513 962 2547 di

224 2561 314 2596 cebat
333 2561 370 2596 ad
398 2569 483 2596 tuam
506 2560 679 2597 Ecclesiam
704 2560 965 2606 pertinere,dixit

225 2610 307 2658 quod
346 2610 382 2645 ad
411 2610 581 2646 Ecclesiam
621 2622 708 2645 suam
747 2617 898 2658 spectant,
935 2620 963 2647 et

1638 221 1705 252 155

1008 283 1066 318 sibi
1090 283 1155 318 iure
1177 284 1407 330 metropolitico
1429 283 1544 319 debent
1563 283 1705 324 subesse,
1724 291 1754 318 et

1007 344 1103 379 super
1129 332 1189 368 hoc
1212 333 1403 379 privilegium
1427 333 1640 369 Rornanorum
1667 332 1754 368 Pon-

1008 382 1128 417 tificum
1156 382 1253 416 multa
1281 383 1435 428 produxit.
1458 383 1602 431 Cumque
1623 383 1662 418 ab
1699 395 1753 418 eo-

1008 432 1078 467 dem
1107 431 1222 466 nuncio
1249 440 1302 466 tuo
1327 432 1408 467 idem
1445 433 1664 478 praedecessor
1696 445 1753 468 no-

1007 489 1071 516 ster
1092 481 1259 516 instantius
1285 482 1483 529 requisisset,
1509 484 1535 517 si
1557 495 1617 530 qua
1639 482 1752 518 exinde

1009 530 1169 578 privilegia
1192 530 1333 566 Ecclesia
1360 538 1411 565 tua
1441 531 1580 571 baberet,
1614 540 1644 567 et
1684 532 1752 579 ipse

1007 589 1212 615 asseverasset
1234 592 1267 614 se
1290 580 1318 615 id
1342 580 1470 615 omnino
1494 581 1625 620 nescire,
1646 582 1752 616 statuit

1009 638 1041 664 ut
1060 630 1212 676 episcopi,
1248 641 1327 677 quos
1361 629 1527 665 Bracaren.
1564 642 1626 665 non
1663 642 1752 665 reco-

1007 679 1124 726 gnovit,
1146 678 1184 713 ad
1212 687 1241 714 te
1264 680 1465 726 pertinerent:
1481 691 1625 714 asserens
1640 680 1675 714 ad
1693 679 1754 715 Ec-

1008 728 1135 763 clesiam
1156 740 1245 763 suam
1269 730 1356 776 ipsos
1376 737 1531 776 spectare,
1560 730 1600 772 ei,
1630 737 1660 763 et
1690 729 1752 764 Ec-

1007 779 1118 813 clesiae
1140 790 1215 813 suae
1236 790 1400 826 quousque
1430 779 1488 813 lioc
1521 779 1636 813 iudicio
1670 779 1752 814 diffi-

1007 828 1137 868 niretur,
1154 827 1364 863 obedientiam
1391 837 1421 863 et
1449 828 1653 863 reverentiam
1693 829 1752 863 irn-

1008 878 1154 925 pendant:
1184 886 1214 912 et
1256 878 1322 923 ipse
1354 877 1530 925 praedictos
1564 878 1644 912 duos
1684 879 1752 923 epi-

1006 940 1118 974 scopos
1136 927 1234 962 libere
1257 892 1322 969 tibi
1344 937 1373 961 et
1395 926 1556 962 Ecclesiae
1582 936 1653 962 tuae
1681 927 1753 962 obe-

1006 977 1073 1011 dire
1110 978 1277 1024 pei-‚mittat
1318 977 1405 1012 Licet
1447 985 1551 1011 antem
1585 977 1750 1013 Bracaren.

1005 1026 1263 1073 archiepiscopus
1290 1035 1398 1061 contra
1433 1026 1607 1073 praedictas
1636 1027 1717 1061 littei·
1720 1039 1752 1060 is

1006 1076 1163 1122 allegaret
1185 1075 1269 1123 quod
1297 1077 1347 1110 illa
1374 1075 1529 1111 consessio
1548 1076 1605 1110 sibi
1634 1077 1751 1123 praeiu

1006 1125 1110 1160 dicare
1143 1138 1205 1160 non
1240 1133 1371 1172 poterat,
1408 1137 1480 1160 curn
1512 1126 1542 1160 in
1580 1126 1647 1160 iure
1674 1125 1751 1160 facta

1006 1187 1068 1209 non
1102 1174 1204 1213 fuerin
1231 1186 1268 1209 eo
1299 1175 1384 1222 quod
1420 1174 1575 1221 praelatus
1607 1174 1649 1209 Μ.
1689 1187 1751 1209 non

1006 1233 1198 1270 procurator,
1216 1233 1269 1259 aut
1290 1224 1493 1271 responsalis,
1508 1224 1563 1259 sed
1578 1225 1751 1259 canonicus

1007 1281 1141 1311 tantum,
1167 1282 1197 1308 et
1224 1274 1358 1308 clericus
1384 1274 1414 1308 in
1445 1274 1507 1308 illis
1539 1273 1651 1308 litteris
1688 1286 1751 1320 ap-

1007 1322 1148 1369 pellatur,
1176 1324 1247 1370 quia
1281 1331 1383 1357 tamen
1414 1335 1506 1369 saepe
1540 1323 1644 1358 dictus
1678 1323 1752 1358 Bra-

1004 1385 1108 1407 caren
1131 1373 1386 1427 archiepiscopus
1412 1372 1480 1407 illas
1504 1372 1621 1407 litteras
1650 1372 1752 1419 impe-

1005 1422 1105 1466 travit,
1127 1430 1157 1457 et
1184 1435 1229 1457 ers
1253 1434 1307 1468 pro
1329 1435 1362 1456 se
1385 1435 1460 1457 usus
1487 1430 1531 1456 est
1556 1423 1586 1456 in
1624 1422 1751 1477 iudicio,

1004 1483 1219 1526 magnumque
1242 1472 1280 1506 de
1308 1472 1366 1506 illis
1400 1471 1602 1506 commodum
1636 1472 1752 1519 acqui-

1004 1522 1085 1556 sivit:
1114 1529 1144 1555 et
1173 1530 1202 1555 tu
1227 1521 1309 1576 quod
1334 1534 1388 1568 per
1409 1522 1545 1556 eundem
1574 1521 1616 1555 Μ.
1654 1533 1752 1557 cano-

1004 1572 1109 1605 nicum
1150 1580 1180 1605 et
1225 1570 1373 1606 clericum
1418 1579 1506 1605 tuum
1555 1583 1651 1617 super
1694 1572 1752 1606 lioc

1005 1621 1119 1655 sactum
1155 1620 1213 1654 fuit
1247 1628 1345 1655 ratum
1386 1621 1494 1664 habes,
1528 1630 1557 1655 et
1584 1621 1749 1668 approbas.

1006 1668 1096 1705 Unde
1122 1670 1184 1705 iam
1207 1670 1258 1705 ille
1280 1682 1342 1704 non
1371 1678 1472 1717 potest
1493 1669 1643 1711 obiicere,
1665 1671 1750 1717 quod

1004 1719 1108 1754 nullus
1124 1732 1179 1767 pro
1202 1727 1288 1767 parte
1315 1732 1370 1754 sua
1394 1719 1434 1754 ibi
1449 1719 1540 1754 fuerit
1557 1729 1748 1766 procurator:

1005 1781 1088 1808 narn,
1111 1777 1140 1804 et
1162 1769 1246 1817 quod
1271 1781 1326 1816 per
1363 1768 1473 1804 falsum
1515 1778 1748 1817 procuratorem

1004 1820 1105 1865 agitur
1132 1819 1162 1853 in
1191 1818 1307 1853 iudicio
1336 1818 1414 1854 valet
1432 1819 1550 1866 utique,
1582 1819 1607 1854 si
1644 1828 1750 1867 postea

1005 1880 1058 1915 per
1089 1868 1257 1903 dominum
1300 1868 1507 1915 approbatur:
1549 1879 1615 1904 tum
1657 1870 1747 1904 etiarn

1005 1919 1268 1964 praesumendum
1304 1919 1344 1953 sit
1386 1931 1441 1965 pro
1484 1918 1564 1954 facto
1615 1918 1748 1953 Romani

1004 1967 1176 2002 Pontificis:
1206 1969 1289 2003 unde
1319 1968 1486 2003 coniicitur
1523 1968 1608 2016 quod
1644 1981 1747 2004 coram

1003 2017 1183 2052 Alexandro
1206 2018 1302 2064 Papa,
1324 2018 1377 2064 qui
1399 2025 1550 2053 statutum
1573 2018 1648 2052 illud
1674 2019 1751 2053 emi-

1003 2068 1056 2111 sit,
1078 2067 1115 2102 lis
1138 2067 1231 2102 fuerit
1252 2075 1434 2102 contestata.
1461 2067 1526 2102 Nos
1554 2067 1755 2102 attendentes

1004 2117 1089 2164 quod
1117 2115 1215 2152 forma
1244 2117 1412 2164 petitionis,
1435 2129 1528 2164 quam
1551 2124 1582 2151 tu
1619 2118 1649 2152 in
1691 2117 1749 2152 hoc

1004 2166 1121 2201 iudicio
1143 2167 1319 2221 porrexisti,
1343 2166 1452 2201 eadem
1479 2174 1524 2201 est
1546 2178 1616 2200 cuin
1652 2166 1747 2201 forma

1004 2216 1251 2259 constitutionis,
1278 2228 1370 2263 quam
1394 2215 1497 2250 dictus
1527 2216 1748 2262 praedecessor

1007 2274 1112 2300 noster
1131 2266 1219 2300 Alex.
1239 2265 1323 2312 Papa
1346 2264 1455 2300 fecisse
1478 2265 1637 2312 probatur,
1675 2277 1746 2300 cum

1004 2313 1102 2349 forma
1140 2326 1266 2361 quoque
1305 2315 1496 2358 assertionis,
1539 2326 1631 2361 quam
1663 2313 1747 2349 Bra-

1005 2375 1109 2398 caren.
1136 2363 1391 2410 archiepiscopus
1413 2375 1516 2398 coram
1531 2363 1641 2398 eodem
1658 2363 1745 2399 Alex

1006 2412 1116 2447 secisse
1137 2412 1343 2458 dignoscitur,
1364 2424 1460 2460 super
1480 2425 1542 2460 quo
1578 2420 1673 2447 testes
1715 2414 1745 2448 in

1006 2462 1064 2496 hoc
1091 2462 1207 2497 iudicio
1242 2461 1386 2509 producti
1427 2462 1564 2502 l'‚uerunt
1601 2470 1631 2496 et
1665 2470 1747 2498 atte-

1005 2511 1153 2546 stationes
1190 2511 1282 2546 etiam
1325 2510 1512 2558 publicatae,
1552 2523 1674 2547 necnon
1716 2521 1747 2548 et

1005 2572 1101 2607 super
1135 2561 1212 2608 ipsis
1252 2560 1501 2596 attestationibus
1541 2560 1745 2608 disputatum,

982 2609 1177 2662 ¹rationibus
1228 2618 1258 2646 et
1303 2610 1540 2658 allegationibus
1583 2611 1746 2661 utriusque

1769 228 1819 254 An.
1836 226 1863 253 C.
1883 226 1948 254 ¹¹99
