2129 3223
45 248 94 276 Αη.
108 247 137 275 C.
158 247 222 275 tw}

69 528 191 550 l'xotriuiuir.

11 1954 14 1958 ⁵
58 1962 176 1984 fridericus
202 1960 227 1981 ab

46 1993 170 2016 innocentio
202 1993 227 2012 nit

45 2030 114 2052 puceu
151 2024 229 2044 iuvita-

821 245 1031 268 issoctzs‘rtts
1058 244 1089 266 tv
1118 244 1165 266 ΡΡ.

239 303 411 333 Innocentius
422 305 561 340 opiscopus
572 310 665 333 servus
684 310 822 332 servorum
837 303 892 337 Dei.
904 309 982 332 sacro

282 353 425 389 praesente
443 352 558 381 concilio
581 353 614 381 ad
639 353 680 382 rei
704 353 860 382 memoriam
885 353 980 382 semni-

281 404 397 431 ternam.

287 474 335 508 Ad
354 474 553 521 Apostolicae
576 474 735 520 dignitatis
756 474 888 521 apicem,
912 474 982 509 licet

239 522 370 570 indigni,
395 523 579 571 dignatione
601 524 722 559 divinae
745 524 914 558 maiestatis
931 535 982 557 as-

237 573 366 620 sumpti,
395 574 535 608 omnium
558 573 797 608 christianorum
814 585 918 607 curam
943 573 983 606 vi-

237 622 290 668 gili
326 622 499 670 sedulaque
520 623 644 658 solertia
663 635 783 669 gerere,
804 634 840 657 ac
854 623 981 657 intimae

237 671 496 707 considerationis
534 673 638 712 oculo,
672 672 866 718 singulorum
905 672 979 706 sacta

237 729 266 756 et
291 721 371 756 dicta
394 722 582 760 discernere,
606 730 636 756 et
664 721 811 768 providae
833 721 983 756 delibera-

237 770 331 805 tionis
363 779 476 806 statera
511 771 621 806 librare
653 771 817 814 debemus,
846 779 878 805 ut
902 783 982 817 quos

238 820 309 855 iusti
340 821 424 866 rigor
457 821 610 855 examinis
643 820 755 868 dignos
788 819 980 861 ostenderit,

236 871 384 916 congruis
405 870 600 911 attollamus,
627 878 657 905 et
675 870 845 904 evehamus
867 869 982 904 favori-

237 919 312 954 bus:
348 932 428 966 quos
453 929 556 954 autem
591 931 660 954 reos
681 927 711 954 et
739 918 939 966 culpabiles
933 931 982 953 in-

238 969 430 1013 venerimus
461 970 570 1016 poenis
600 968 714 1004 debitis
748 981 803 1016 pro
833 969 980 1013 gravitate

236 1017 348 1065 culpae
383 1018 571 1062 afficiamus,
608 1026 638 1052 et
665 1018 896 1072 deprimamus;
930 1030 982 1064 ap-

237 1067 409 1114 pendentes
430 1080 554 1115 semper
575 1068 720 1103 meritum
744 1080 914 1114 praemium
935 1079 982 1101 ae-

236 1128 297 1164 qua
319 1117 419 1158 lance,
447 1117 647 1152 retribuendo
668 1118 784 1164 cuique
807 1117 889 1150 iuxta
909 1128 980 1163 qua-

236 1165 353 1202 litatem
376 1167 492 1214 operiS,
514 1167 578 1202 sive
601 1167 686 1210 boni,
709 1167 773 1201 sive
796 1166 880 1210 mali,
912 1178 982 1213 poe-

235 1227 305 1255 nae,
329 1215 373 1251 vel
393 1217 510 1262 gratiae
531 1217 747 1263 quantitatem.

284 1265 304 1312 S
327 1270 358 1300 i.
381 1266 463 1300 Sane
485 1279 556 1300 cuni
580 1265 635 1299 diu
657 1265 810 1300 bellorum
833 1264 980 1298 diuturna

235 1315 404 1350 commotio
426 1315 591 1350 nonnullas
615 1314 816 1361 professionis
838 1314 982 1347 christia-

237 1376 294 1399 nae
317 1365 491 1411 provincias
523 1373 554 1398 et
582 1365 724 1409 regiones
747 1364 879 1410 graviter
905 1364 982 1396 ailli-

237 1414 342 1454 xisset,
369 1426 427 1448 nos
453 1422 517 1448 toto
539 1415 702 1460 cupientes
736 1413 849 1447 mentis
871 1411 980 1446 affectu

237 1462 490 1510 tranquillitatem
526 1471 554 1496 et
584 1475 690 1509 pacem
719 1461 876 1496 Ecclesiae
899 1461 981 1496 Sau-

237 1520 304 1548 ctae
334 1512 412 1556 Dei,
445 1524 480 1546 ac
506 1512 692 1558 generaliter
718 1520 830 1546 cuncto
866 1511 982 1558 populo

237 1561 408 1596 christiano
447 1563 628 1600 restituere,
672 1573 707 1595 ac
745 1560 909 1603 reducere,
944 1560 980 1595 ad

239 1612 444 1658 praecipuum
469 1611 638 1657 principem
662 1610 864 1649 saecularem,
888 1609 983 1644 huius

238 1660 444 1696 dissensionis
469 1672 505 1695 ac
528 1660 738 1695 tribulationis
774 1669 944 1702 auctorem,
967 1671 982 1693 a

238 1709 338 1745 felicis
363 1709 587 1745 recordationis
613 1709 766 1756 Gregorio
793 1708 876 1755 Papa
901 1721 984 1754 prae-

238 1759 402 1794 decessore
424 1768 542 1802 nostro,
557 1771 612 1806 pro
633 1760 698 1793 suis
716 1758 898 1792 ‹xcessihus
917 1770 984 1792 aua-

241 1809 386 1844 thematis
425 1809 552 1843 vinculo
591 1808 790 1847 innodatum,
833 1807 985 1853 speciales

241 1858 374 1893 nuncios
396 1870 527 1903 magnae
536 1852 746 1892 'authoritatis
774 1857 867 1899 viros,
889 1868 985 1891 vene-

241 1907 352 1942 rabiles
393 1907 536 1942 videlicet
575 1906 683 1940 fiatres
714 1913 836 1940 nostros
864 1905 900 1939 P.
930 1906 986 1940 Al-

241 1956 423 1999 hanensem,
459 1964 532 1990 tunc
565 1964 666 1990 autem
696 1956 845 2001 temporis
871 1954 986 1989 Rotho-

242 2017 420 2052 magensem
447 2005 736 2052 archiepiscopum,
763 2013 793 2039 et
818 2004 872 2038 W.
896 2004 986 2039 Sabi-

243 2067 371 2090 iiensem
395 2067 490 2098 nunc,
512 2055 669 2102 quondam
695 2066 765 2089 vcro
775 2054 984 2089 Mutinensem

242 2105 432 2152 episcopos,
469 2116 503 2139 ac
534 2105 681 2138 dilectum
720 2112 860 2138 nostrum
888 2104 985 2138 filiuni

242 2153 446 2189 Guillelmum
482 2153 628 2188 basilicae
662 2153 832 2188 Duodecim
856 2153 988 2200 Aposto

243 2204 342 2238 loium
368 2203 580 2251 presbyteium
604 2203 805 2239 cardinalem
828 2210 901 2237 tuiic
932 2203 987 2237 ah—

244 2251 344 2288 batem
366 2253 473 2287 Sancti
494 2252 649 2291 Facundi
671 2253 722 2298 qui
745 2252 876 2286 salutem
905 2252 986 2287 zela-

244 2301 357 2336 bantur
383 2303 499 2349 ipsius,
532 2301 680 2335 duximus
701 2301 920 2343 destinandos3
948 2301 989 2336 sa·

243 2350 363 2386 cientes
383 2351 442 2385 sibi
465 2351 598 2398 proponi
628 2363 681 2397 per
706 2351 802 2397 ipsos,
829 2351 911 2397 quod
931 2363 988 2386 nos

245 2412 276 2440 et
300 2405 409 2440 fratres
431 2406 703 2452 nosti·i‚quantuni
732 2405 760 2438 in
789 2404 880 2439 nobis
906 2414 987 2446 erat,

247 2470 353 2505 pacem
371 2470 426 2506 per
444 2460 548 2494 omnia
570 2459 684 2493 habere
700 2458 840 2499 nitimur,
864 2466 895 2492 ut
916 2471 987 2493 cum

247 2512 394 2548 omnibus
420 2513 602 2548 hominibus
624 2513 721 2560 parati
747 2525 870 2557 sumus,
899 2521 990 2559 opta—

247 2565 359 2601 bamus
380 2578 486 2613 pacem
510 2567 567 2602 sibi
590 2574 619 2601 et
634 2565 888 2614 tranquillitatem
903 2567 988 2609 dare,

247 2631 282 2654 ac
304 2620 421 2654 mundo
447 2621 539 2655 etiam
561 2621 714 2655 universo.
738 2619 775 2654 Et
797 2621 870 2657 auia
894 2633 990 2668 prae—

1647 232 1684 263 51
1700 233 1710 262 1

1023 298 1153 333 latorum
1173 297 1369 335 clericorum,
1397 298 1602 344 omniumque
1619 296 1764 339 aliorum,

1021 360 1100 395 quos
1121 346 1278 382 detinebat
1300 347 1455 394 captivos,
1482 356 1510 380 vt
1534 347 1675 381 omnium
1702 355 1763 380 tam

1021 397 1218 441 clericorum,
1233 408 1325 443 quain
1344 397 1506 437 laicorum,
1529 408 1609 443 quos
1629 404 1764 430 cesserat

1023 447 1052 481 in
1079 447 1192 493 galeis,
1229 446 1382 481 restitutio
1414 454 1531 493 poterat
1573 458 1641 480 esse
1681 445 1766 492 pacis

1022 505 1051 531 et
1087 495 1348 531 reconciliationis
1385 496 1553 542 plurimum
1589 495 1764 535 indm-tiva,

1022 546 1119 585 illurn,
1143 553 1174 580 ut
1189 557 1243 580 eos
1258 545 1433 579 restitueret
1459 547 1590 588 (etcum
1606 544 1664 579 hoc
1682 543 1764 578 idem

1022 603 1083 630 tam
1110 595 1194 641 ipse,
1219 606 1312 642 quam
1336 594 1383 628 sui
1408 595 1524 635 nuncii,
1546 602 1712 640 antequam
1728 593 1764 628 ad

1022 646 1213 692 apostolatus
1239 644 1338 679 vocati
1363 656 1503 678 essemus
1525 644 1675 687 officium,
1699 655 1766 689 pro-

1023 695 1195 737 misissent)
1227 693 1326 740 rogaii
1368 703 1397 728 ct
1430 694 1490 740 peti
1532 694 1568 727 ab
1585 694 1663 748 ⁸'ipso
1690 692 1766 727 feci-

1022 756 1092 779 mus
1126 756 1181 791 per
1213 743 1359 785 eosdem,
1398 755 1432 777 ac
1461 743 1591 790 proponi
1625 743 1764 788 insuper,

1021 793 1104 840 quod
1128 793 1220 828 iidem
1244 805 1300 840 pro
1319 792 1409 826 nobis
1427 792 1520 839 parati
1548 800 1635 826 eiaiit
1656 791 1764 826 audire

1021 851 1051 877 et
1077 851 1207 877 tractare
1235 854 1362 889 pacem,
1388 843 1479 876 etiam
1512 841 1619 876 audire
1650 840 1766 875 satisfa-

1021 894 1167 936 ctionem,
1189 904 1281 939 quain
1306 891 1405 925 facere
1432 891 1524 925 vellet
1546 890 1692 937 princeps
1726 891 1765 924 de

1021 942 1178 986 omnibus,
1203 953 1257 996 pro
1279 940 1395 995 quibus
1410 939 1538 975 vinculo
1560 948 1624 974 erat
1645 951 1766 974 excom-

1022 991 1242 1026 municationis
1267 990 1422 1029 astrictus
1445 998 1473 1024 et
1501 989 1617 1024 offerri.

1069 1042 1089 1089 g
1110 1043 1142 1075 2.
1167 1040 1341 1079 Praeterea,
1364 1039 1447 1086 quod
1467 1039 1492 1074 si
1514 1051 1584 1073 eum
1608 1039 1637 1073 in
1659 1039 1764 1085 aliquo
1793 1049 1813 1068 Α·

1020 1100 1126 1126 contra
1157 1089 1300 1124 debitum
1331 1089 1461 1123 laeserat
1487 1088 1643 1129 Ecclesia,

1022 1149 1123 1175 tamen
1140 1151 1201 1173 non
1221 1138 1378 1182 credebat,
1402 1146 1504 1185 pai-ata
1520 1147 1583 1173 erat
1597 1140 1763 1185 corrigere

1021 1203 1056 1224 ac
1083 1190 1111 1223 iii
1136 1197 1250 1223 statum
1278 1188 1417 1222 debitum
1446 1187 1623 1229 reformare,
1645 1190 1701 1224 etsi
1722 1189 1766 1223 di-

1022 1247 1103 1273 ceret
1126 1239 1210 1286 ipse,
1245 1237 1328 1285 quod
1357 1237 1443 1272 illum
1469 1250 1525 1273 nos
1547 1247 1654 1273 contra
1677 1239 1764 1273 iusti-

1023 1289 1094 1323 tiam
1127 1288 1340 1327 laesissemus,
1380 1287 1474 1342 parati
1502 1300 1627 1324 eramus
1656 1301 1764 1324 vocare

1023 1349 1121 1383 rege&
1157 1338 1311 1384 praelatos
1339 1343 1369 1370 et
1401 1337 1558 1383 principes
1577 1345 1638 1372 tam
1665 1339 1766 1373 eccle—

1022 1387 1182 1423 siasticos
1223 1397 1317 1432 quain
1353 1386 1527 1421 saeculares
1557 1387 1594 1422 ad
1630 1388 1765 1435 aliquem

1023 1444 1123 1470 tutuin
1149 1435 1269 1473 locum
1300 1433 1352 1468 ubi
1375 1434 1467 1469 simul
1497 1448 1552 1491 per
1573 1449 1622 1480 se,
1645 1438 1688 1472 vel
1714 1450 1768 1485 pci

1024 1485 1180 1519 solemnes
1208 1484 1341 1518 nuncios
1377 1485 1601 1525 convenirent,
1640 1496 1767 1534 eratque

1025 1543 1128 1581 parata
1151 1533 1290 1568 Ecclesia
1315 1533 1407 1568 etiam
1430 1533 1468 1569 de
1491 1514 1621 1571 consilio
1642 1536 1765 1571 concilii

1023 1585 1082 1618 sihi
1106 1583 1294 1623 satisfacere,
1313 1583 1338 1617 si
1351 1595 1423 1618 euin
1439 1583 1578 1620 laesisset
1597 1586 1626 1620 iii
1650 1585 1767 1634 aliquo⁷

1023 1646 1057 1668 ac
1092 1645 1236 1668 revocare
1274 1643 1607 1669 excommunicationis
1641 1643 1768 1671 senten-

1025 1684 1109 1722 tiam,
1137 1682 1161 1716 si
1189 1694 1283 1729 quam
1310 1691 1417 1717 contra
1445 1684 1546 1730 ipsum
1576 1685 1691 1720 iniuste
1722 1693 1769 1719 tu-

1025 1733 1121 1775 lisset,
1143 1740 1172 1766 et
1194 1743 1265 1765 eum
1288 1733 1372 1766 omni
1402 1734 1641 1769 mausuetudine
1663 1743 1692 1768 et
1715 1735 1770 1769 mi-

1024 1780 1193 1816 sericordia
1217 1788 1368 1827 quantum
1391 1793 1462 1816 cuni
1497 1782 1566 1818 Deo
1593 1791 1623 1818 et
1650 1784 1768 1819 honore

1024 1843 1082 1866 suo
1105 1830 1170 1864 fieri
1196 1838 1326 1885 potetat,
1353 1839 1494 1872 tractare,
1530 1832 1654 1868 etde
1648 1833 1770 1868 iniuriis

1026 1888 1055 1915 et
1094 1879 1222 1914 offensis
1256 1880 1314 1927 ipsi
1355 1880 1513 1916 Ecclesiae
1555 1882 1683 1930 suisque
1717 1895 1771 1930 per

1026 1942 1098 1964 eum
1124 1929 1267 1974 irrogitis
1294 1929 1537 1966 satisfactionem
1559 1932 1626 1966 ab
1621 1945 1687 1979 ipso
1714 1945 1771 1967 re-

1026 1979 1138 2033 cipere.
1183 1956 1315 2013 hv'olebat
1352 1980 1445 2014 etiam
1484 1980 1623 2016 Ecclesia
1660 1994 1771 2017 omnes

1026 2040 1142 2063 amicos
1166 2040 1252 2069 suos,
1275 2028 1397 2075 sibique
1416 2029 1652 2066 adhaerentes
1646 2044 1676 2066 in
1697 2043 1771 2078 pace

1028 2090 1155 2125 ponere,
1183 2056 1336 2124 plenaque
1363 2079 1528 2115 securitate
1558 2080 1707 2126 gaudere,
1741 2088 1771 2114 ut

1027 2139 1187 2181 nunquam
1223 2127 1280 2162 hac
1308 2129 1473 2163 occasione
1508 2139 1612 2176 posset
1646 2129 1771 2177 aliquod

1027 2177 1220 2222 inposterum
1262 2177 1369 2211 subire
1403 2178 1570 2214 discrimen
1603 2187 1653 2213 aut
1688 2179 1772 2226 peri-

1027 2226 1144 2260 culum.

1076 2275 1096 2322 g
1118 2280 1149 2309 5
1173 2275 1236 2310 Sed
1261 2275 1331 2310 licet
1350 2276 1393 2311 sic
1422 2277 1502 2324 apud
1525 2289 1595 2312 eum
1621 2289 1675 2324 pro
1696 2289 1772 2325 pace

1029 2325 1165 2379 paterpis
1193 2325 1331 2369 monitis,
1353 2335 1382 2360 et
1405 2338 1533 2372 precum
1561 2326 1705 2361 insisteie
1721 2339 1773 2361 cu-

1029 2375 1199 2408 laverimus
1227 2374 1366 2414 lenitate,
1395 2375 1477 2410 idem
1507 2383 1610 2410 tamen
1635 2376 1773 2411 Pharao-

1030 2423 1075 2457 nis
1102 2424 1243 2457 imitatus
1276 2422 1444 2467 dutitiam,
1481 2434 1510 2459 et
1545 2437 1630 2460 more
1655 2426 1773 2473 aspidis

1029 2473 1178 2507 obtuians
1214 2484 1305 2507 aures
1332 2486 1423 2518 snas,
1457 2473 1636 2509 huiusmodi
1665 2488 1773 2523 preces

1029 2532 1058 2556 ct
1079 2522 1210 2563 monita,
1237 2521 1316 2556 elata
1351 2522 1577 2568 obstinatione,
1612 2536 1648 2559 ac
1674 2524 1773 2560 obsti-

1030 2579 1098 2606 nata
1126 2571 1260 2607 elatione
1297 2580 1326 2607 et
1360 2572 1505 2620 superbia
1540 2573 1699 2621 despexit,
1738 2587 1773 2609 ac

1029 2621 1230 2668 contempsit,
1256 2629 1285 2656 et
1308 2620 1378 2656 lico!
1407 2634 1553 2667 processu
1577 2623 1724 2669 temporis
1742 2624 1773 2659 in

1782 240 1832 266 An.
1850 240 1868 265 C
1897 240 1961 266 tatia

1831 1056 1868 1069 tuc-
1903 1048 1960 1074 legen

1680 1088 1763 1135 quod
1777 1083 1797 1100 ⁵¹¹
1844 1086 1868 1100 ἐ

1799 2280 1827 2301 De
1848 2280 1903 2302 illiue
1919 2287 1969 2308 pei·-

1786 2312 1867 2332 vicacia
1897 2315 1969 2338 queri-

1786 2341 1968 2364 turlnnocentiiis
