2129 3223
24 261 76 290 An.
92 260 120 288 C.
141 259 208 288 ¹255

224 316 310 349 muni
338 327 394 362 pro
416 315 532 350 eisdem
562 316 826 352 recommendatio
851 316 912 351 fiat.
929 316 965 351 Et

223 363 299 399 baec
321 364 423 399 omnia
448 377 503 411 pro
530 365 689 399 communi
715 365 845 400 utilitate
868 366 967 400 distri-

222 412 359 448 buantur
372 424 427 459 per
447 413 648 458 abbatissam,
666 413 711 448 vel
734 415 801 449 eius
823 415 964 448 vicariam

221 461 261 496 de
286 461 417 496 consilio
443 461 658 497 discretarum.

524 537 602 571 Cap,
627 540 658 569 8.

270 606 401 642 Sorores
440 606 515 641 nihil
559 607 763 653 approprient
802 607 874 648 sibi,
911 619 967 642 nec

32 661 205 690 Ni¹=¹¹rr⁰vrium
221 655 364 699 domum,
386 667 445 690 nec
475 656 591 695 locum,
627 667 683 690 nec
718 655 851 702 aliquam
889 669 988 700 rem,-

25 697 108 713 tororn
142 698 206 720 repu-

25 725 76 744 tent.
221 704 276 740 sed
298 713 455 751 tamquam
480 705 661 752 peregrinae
700 713 728 739 et
762 705 899 740 advenae
937 706 965 739 iu

221 753 282 788 boc
299 753 423 788 saeculo
446 754 476 788 in
504 761 686 800 paupertate
728 761 758 787 et
792 754 966 789 bumilitate

220 801 358 837 Domino
384 802 595 842 famulantes,
634 803 757 838 mittant
793 815 848 849 pro
883 803 966 838 elee-

221 863 346 899 mosyna
369 851 572 886 confidenter.
593 850 659 885 Nec
682 859 803 898 oportet
837 864 889 886 eas
918 865 967 886 ve-

221 899 396 941 recundari,
423 901 496 948 quia
518 900 675 934 Dominus
696 912 729 934 se
743 900 813 935 fecit
837 913 891 947 pro
915 913 967 935 no—

219 948 267 984 bis
289 961 458 996 pauperem
483 949 512 983 in
543 950 601 983 boc
635 949 762 984 mundo.
799 949 883 984 Haec
920 959 965 984 cst

219 997 267 1032 illa
289 998 444 1033 celsitudo
470 999 639 1033 altissimae
661 999 865 1045 paupertatis,
886 1011 965 1045 quae

219 1058 274 1082 vos
299 1047 500 1082 charissimas
527 1059 653 1082 sorores
672 1059 776 1091 meas,
804 1048 964 1092 haeredes,

218 1104 248 1130 et
269 1095 394 1142 reginas
422 1097 507 1141 regni
536 1097 694 1131 coelorum
724 1096 869 1137 instituit,
893 1109 966 1143 pau-

220 1156 310 1190 peres
331 1144 425 1180 rebus
451 1145 535 1186 fecit,
567 1145 735 1180 virtutibus
774 1145 963 1180 sublimavit

822 262 1031 286 tNNOCENrtth
1059 264 1091 285 tv

218 1192 303 1229 Haec
328 1193 368 1227 sit
397 1195 497 1240 portio
521 1202 632 1235 vestra,
655 1206 734 1240 quae
763 1194 904 1240 perducit
932 1194 962 1228 in

35 1245 90 1267 ΝΜ
104 1248 206 1268 emmeu-
219 1250 331 1277 terram
353 1242 533 1278 viventium.
561 1243 634 1283 Cui,
661 1243 883 1277 dilectissimae
911 1255 964 1277 so-

22 1276 69 1297 dum
90 1275 125 1298 vel
147 1278 206 1298 rect-
425 1292 430 1297 .
517 1292 522 1297 .
790 1292 795 1297 .
825 1293 829 1297 .
910 1293 915 1298 .

22 1307 119 1334 pienum
132 1307 206 1328 incon·
219 1303 316 1335 rores,
347 1291 482 1326 totaliter
516 1292 726 1331 inhaerentes,
767 1292 843 1325 nihil
878 1292 962 1326 aliud

23 1336 77 1358 ‘'¹¹“
90 1336 203 1359 “bb³‘³⁵⁵'‘
219 1352 274 1386 pro
297 1340 422 1375 nomine
444 1339 569 1374 Domini
590 1341 685 1375 nostri
701 1340 769 1374 Iesu
795 1340 909 1375 Christi
933 1341 961 1375 in
983 1343 985 1380 ξ

219 1397 406 1436 perpetuum
433 1390 492 1423 sub
514 1389 601 1424 coelo
623 1389 739 1424 babere
762 1390 871 1424 velitis.
894 1389 962 1423 Non
983 1385 985 1409 ⁴³

218 1437 309 1473 liceat
330 1437 421 1472 alicui
461 1439 558 1472 sorori
583 1438 701 1473 litteras
735 1438 857 1472 mittere
877 1465 885 1478 ,
915 1439 962 1472 vel
983 1435 984 1445 ¹

217 1486 332 1534 aliquid
361 1486 510 1533 recipere,
533 1495 585 1521 aut
616 1495 699 1521 extra
739 1487 985 1521 monasteriumt

216 1534 302 1576 dare,
328 1535 395 1570 sine
416 1535 538 1570 licentia
560 1535 746 1571 abbatissae.
780 1536 845 1570 Nec
875 1537 985 1587 quic-³,

216 1596 309 1631 qnam
332 1584 423 1619 liceat
449 1584 574 1627 babere,
596 1585 678 1631 quod
706 1584 859 1619 abbatissa
901 1597 962 1619 non
983 1598 985 1606 s

216 1632 340 1668 dederit
360 1641 412 1668 aut
438 1634 624 1681 permiserit.
648 1634 686 1668 Et
702 1635 725 1668 si
749 1646 764 1667 a
784 1634 964 1680 parentibus

216 1682 294 1723 suis,
315 1682 362 1716 vel
384 1682 422 1717 ab
447 1682 517 1717 aliis
535 1683 652 1729 aliquid
682 1683 870 1723 mitteretur,
907 1683 963 1717 ab·

217 1730 331 1766 batissa
353 1730 444 1766 faciat
466 1732 509 1766 illi
531 1731 615 1766 dare.
638 1731 707 1778 Ipsa
730 1739 833 1766 autem
866 1732 890 1766 si
915 1732 964 1765 in-

217 1779 332 1826 digeat,
354 1780 397 1814 uti
420 1781 529 1826 possit;
556 1781 604 1815 sin
633 1789 749 1823 autem,
772 1781 874 1814 sorori
908 1782 964 1814 in-

217 1827 337 1874 digenti
376 1829 533 1863 caritative
567 1829 790 1863 communicet.
824 1829 856 1863 Si
892 1841 964 1863 vero

218 1877 318 1924 aliqua
347 1877 477 1924 pecunia
505 1878 682 1912 transmissa
727 1877 830 1918 fuerit,
867 1877 964 1912 abba-

219 1926 305 1970 tissa,
343 1927 381 1960 de
410 1926 542 1960 consilio
574 1926 792 1969 discretarum,
830 1926 869 1960 de
905 1927 964 1961 illis

219 1986 352 2022 quorum
377 1975 494 2020 indiget
528 1975 568 2009 illi
596 1975 686 2009 faciat
715 1975 888 2022 providere.
916 1975 985 2009 De]

36 2026 172 2048 Set'stffl'uss·
184 2032 206 2049 θ*
221 2023 350 2058 infirmis
363 2023 536 2064 sororibus,
559 2033 619 2057 tam
643 2024 674 2058 in
689 2024 855 2068 utensiliis,
871 2037 962 2070 quam

37 2058 186 2085 ⁹¹⁰'¹‘¹⁹⁰‘¹⁰m
220 2072 251 2107 in
273 2072 410 2116 cibariis,
436 2080 466 2107 et
487 2073 555 2107 aliis
582 2073 776 2112 necessariis.
804 2085 883 2119 quae
911 2086 965 2108 ea-

221 2133 289 2156 rum
322 2121 454 2169 requirit
481 2121 667 2161 infirmitas,
691 2130 831 2156 teneatur
867 2122 965 2156 firmi-

219 2178 267 2206 ter
292 2170 448 2205 abbatissa
471 2171 602 2205 sollicite
643 2182 699 2216 per
734 2183 788 2209 se,
817 2171 862 2205 vel
889 2172 965 2206 alias

69 2089 161 2110 infirmis,

221 2220 391 2266 inquirere,
407 2228 436 2254 et
460 2220 541 2254 iuxta
559 2219 794 2265 possibilitatem
815 2220 872 2254 loci
897 2221 965 2255 cba-
984 2243 986 2251 i

221 2268 338 2303 ritative
360 2277 390 2302 et
412 2268 658 2302 misericorditer
680 2269 853 2314 providere.
883 2269 964 2310 Quia

219 2329 332 2352 omnes
358 2325 504 2352 tenentur
527 2317 701 2363 providere,
723 2325 754 2352 et
775 2318 890 2352 servire
912 2330 967 2352 so-

220 2366 346 2402 roribus
372 2366 439 2401 suis
466 2366 609 2407 infirmis,
646 2366 725 2400 sicut
763 2366 876 2402 vellent
906 2367 964 2401 sibi

220 2415 341 2460 serviri,
366 2416 391 2449 si
407 2415 446 2450 ab
463 2409 758 2462 aliqua'insirmitate
774 2423 963 2450 tenerentur.

221 2462 261 2498 Et
286 2476 395 2500 secure
417 2464 593 2499 manifestet
617 2476 675 2498 uua
697 2464 783 2499 alteri
825 2466 965 2500 necessi-

222 2519 314 2548 tatem
337 2525 438 2548 suam.
460 2513 500 2548 Et
522 2514 547 2548 si
572 2525 641 2548 vera
669 2520 766 2548 mater
799 2513 900 2560 diligit
936 2522 966 2548 et

222 2562 319 2596 nutrit
335 2561 430 2596 sitiam
452 2575 541 2597 suam
564 2561 732 2606 carnalem,
760 2570 877 2609 quanto
895 2563 968 2597 dili-

1636 256 1705 288 573¹,

1008 329 1146 351 sororem
1170 330 1258 352 suam
1274 319 1484 364 spiritualem?
1505 320 1593 362 Quae
1614 319 1755 355 infirmae

1008 366 1037 400 in
1060 366 1159 401 saccis
1182 375 1212 401 et
1228 367 1325 413 palcis
1346 369 1476 412 iaceant,
1491 377 1520 403 et
1561 369 1696 404 habeant
1716 369 1753 404 ad
1781 382 1889 408 omnm
1919 389 1950 403 ιι.Α

1769 413 1832 433 firmi!
1873 414 1950 434 ruben*

1770 445 1815 463 dum

1119 263 1168 287 ΡΡ.
1770 270 1819 294 An.
1837 268 1865 294 C.
1886 270 1952 295 1953

1008 424 1102 462 caput
1128 415 1269 461 capitalia
1292 429 1362 451 cum
1378 417 1494 463 pluma.
1512 417 1551 453 Et
1564 430 1644 465 quae
1665 417 1754 453 indi-

1007 472 1079 509 gent
1101 463 1240 510 pedeolis
1267 465 1364 500 laneis
1379 475 1408 500 et
1429 467 1568 501 cultricis
1608 467 1650 501 uti
1678 479 1753 514 pos-

1008 513 1082 553 sint·‚
1109 512 1250 548 infirmae
1288 526 1360 549 vero
1401 515 1575 561 praedictae
1609 528 1681 550 cum
1715 516 1754 551 ab

1009 561 1241 596 introeuntibus
1257 564 1483 598 monasterium
1500 565 1673 608 visitantur,
1685 577 1755 612 pos-

1008 611 1069 644 sint
1090 611 1233 657 singulae
1255 611 1357 659 aliqna
1386 612 1465 647 bona
1494 613 1585 648 verba
1612 614 1669 648 sibi
1706 615 1753 648 lo-

1009 659 1179 704 quentibus
1202 660 1335 695 breviter
1349 661 1550 707 respondere.
1567 662 1655 697 Aliae
1682 675 1754 697 vero

1008 720 1129 743 sorores
1157 709 1342 751 licentiatae,
1379 711 1600 745 monasterium
1637 712 1754 746 intran-

1008 756 1092 791 tibus
1126 757 1209 804 loqui
1234 770 1294 792 non
1318 759 1463 800 audeant,
1488 760 1544 794 nisi
1581 761 1754 806 praesenti-

1009 805 1065 840 bus
1087 814 1116 840 et
1142 806 1343 842 audientibus
1365 807 1487 842 duabus
1522 808 1665 843 discretis
1701 822 1755 843 so-

1008 854 1129 889 roribus
1152 867 1207 901 per
1233 855 1423 890 abbatissam
1459 865 1489 892 et
1507 857 1577 891 eius
1609 858 1753 892 vicariam

1007 903 1182 949 assignatis.
1222 904 1309 939 Hanc
1342 905 1472 940 sormam
1520 905 1669 952 loquendi
1706 915 1753 941 te-

1007 961 1139 987 neantur
1170 965 1225 1000 pro
1249 965 1282 987 se
1301 954 1455 989 abbatissa
1483 963 1513 989 et
1543 955 1610 989 eius
1644 955 1754 990 vicaria

1007 1000 1184 1036 observare.

1783 674 1886 700 fugienda
1905 676 1951 696 rul-

1769 705 1838 732 loquia
1869 707 1951 727 intrau-

1769 737 1825 758 tium*

1312 1077 1389 1111 Car».
1419 1080 1452 1112 9.

1054 1146 1087 1180 Si
1110 1158 1170 1192 qua
1192 1159 1347 1192 sororum,
1369 1156 1477 1183 contra
1502 1149 1632 1184 formam
1677 1163 1752 1198 pro-

1007 1194 1150 1229 fessionis
1172 1204 1295 1232 nostrae
1334 1197 1505 1232 mortaliter
1540 1198 1667 1234 inimico
1696 1200 1751 1235 iu—

1775 1164 1892 1186 Poccanten
1901 1172 1911 1186 c
1918 1173 1949 1187 ›rſs

1766 1195 1864 1220 rigaudus

984 1286 985 1291 1
1005 1244 1137 1289 stigante
1160 1246 1343 1290 peccaverit,
1364 1258 1419 1292 per
1450 1247 1638 1282 abbatissam
1656 1275 1664 1292 ‚
1703 1249 1750 1283 vel

983 1295 985 1338 J
1005 1292 1080 1327 alias
1102 1305 1236 1334 sorores,
1261 1294 1308 1328 bis
1330 1295 1376 1329 vel
1396 1304 1441 1329 ter
1455 1295 1625 1337 admonita,
1647 1297 1672 1331 si
1690 1309 1751 1332 non

1005 1353 1037 1375 se
1064 1342 1289 1386 emendaverit,
1321 1351 1396 1390 quot
1434 1343 1546 1379 diebus
1584 1353 1752 1380 contumax

1005 1389 1108 1433 fuerit,
1131 1391 1161 1424 in
1185 1398 1264 1425 terra
1289 1403 1400 1437 panem
1434 1400 1464 1426 et
1495 1405 1609 1439 aquam
1646 1406 1750 1429 coram

1005 1439 1166 1473 sororibus
1192 1440 1343 1474 omnibus
1364 1441 1393 1474 in
1411 1440 1574 1476 refectorio
1596 1443 1752 1484 comedat,

1005 1496 1034 1521 et
1065 1489 1196 1533 graviori
1235 1501 1354 1535 poenae
1388 1490 1557 1535 subiaceat,
1597 1491 1623 1525 si
1651 1492 1751 1526 visum

1006 1536 1098 1570 fuerit
1120 1537 1305 1572 abbatissae.
1328 1538 1457 1573 Interim
1486 1539 1561 1574 dum
1584 1548 1752 1576 contumax

1005 1584 1109 1630 fuerit,
1128 1594 1246 1630 oretur,
1271 1595 1304 1620 ut
1325 1587 1482 1622 Dominus
1517 1588 1553 1622 ad
1589 1590 1753 1635 poeniten-

983 1634 1079 1675 ,tiam
1108 1647 1162 1669 cor
1185 1635 1269 1670 illius
1297 1636 1463 1671 illuminet:
1496 1637 1652 1672 abbatissa
1680 1651 1752 1673 vero

983 1689 1035 1730 jet
1062 1684 1130 1718 eius
1152 1696 1276 1719 sorores
1310 1697 1417 1719 cavere
1448 1685 1573 1726 debent,
1607 1698 1646 1721 ne
1690 1688 1752 1722 ira—

1005 1740 1131 1766 scantur
1147 1733 1193 1767 vel
1216 1733 1443 1768 conturbentur
1475 1742 1603 1781 propter
1641 1747 1751 1782 pecca-

1006 1789 1070 1815 tum
1093 1781 1235 1816 alicuius.
1260 1782 1342 1823 Quia
1365 1782 1405 1817 ira
1434 1791 1463 1817 et
1489 1783 1685 1818 conturbatio
1719 1785 1749 1819 in

1005 1841 1039 1864 se
1075 1838 1104 1863 et
1131 1831 1161 1864 in
1184 1831 1252 1865 aliis
1274 1830 1450 1877 impediunt
1490 1832 1681 1867 charitatem.
1715 1833 1748 1867 Si

1006 1878 1170 1925 contigerit
1193 1879 1286 1925 (quod
1310 1879 1399 1923 absit>
1427 1880 1506 1915 inter
1548 1893 1689 1916 sororem
1721 1891 1749 1916 et

1006 1939 1156 1972 sororem,
1185 1928 1278 1962 verbo
1299 1929 1347 1963 vel
1369 1930 1459 1974 signo
1480 1931 1675 1965 occasionem
1692 1939 1752 1965 tur-

1007 1976 1151 2017 bationis,
1173 1976 1221 2011 vel
1243 1977 1378 2012 scandali
1400 1978 1567 2025 aliquando
1605 1979 1751 2020 suborIri9

1005 2037 1085 2072 quae
1113 2025 1298 2060 turbationis
1319 2039 1444 2061 causam
1477 2027 1611 2066 dederit,
1649 2029 1749 2062 statim

1005 2082 1171 2121 antequam
1209 2075 1316 2110 offerat
1346 2088 1462 2110 munus
1499 2077 1647 2111 orationis
1677 2089 1750 2112 suae

1005 2135 1109 2157 coram
1132 2123 1211 2162 Deo,
1246 2136 1308 2158 non
1345 2125 1446 2159 solum
1484 2125 1645 2160 humiliter
1678 2138 1750 2173 pro-

1006 2181 1124 2206 sternet
1146 2185 1179 2207 se
1201 2172 1238 2207 ad
1268 2173 1363 2219 pedes
1390 2173 1529 2214 alterius,
1557 2175 1678 2209 veniam
1701 2186 1752 2221 pe-

1008 2229 1087 2261 tens;
1115 2233 1225 2256 verum
1249 2222 1339 2256 etiam
1363 2223 1544 2268 suppliciter
1583 2230 1681 2269 roget,
1719 2231 1751 2256 ut

1008 2282 1064 2316 pro
1086 2282 1120 2304 se
1142 2270 1314 2305 intercedat
1335 2271 1372 2304 ad
1390 2271 1572 2312 Dominum,
1590 2272 1673 2318 quod
1691 2271 1750 2306 sibi

1009 2318 1177 2364 indulgeat.
1200 2318 1253 2353 Illa
1283 2331 1357 2353 vero
1395 2331 1515 2354 memor
1551 2320 1632 2354 illius
1666 2320 1750 2355 verbi

1008 2366 1156 2401 Domini:
1184 2367 1250 2402 Nisi
1279 2379 1316 2402 ex
1338 2368 1432 2403 corde
1458 2368 1663 2412 dimiseritis,
1696 2381 1752 2403 nec

1009 2416 1099 2450 Pater
1121 2423 1222 2451 vester
1247 2417 1393 2451 coelestis
1415 2417 1548 2452 dimittet
1585 2417 1682 2462 vobis,
1715 2418 1753 2452 ti-

1008 2464 1153 2499 beraliter
1174 2466 1271 2499 sorori
1295 2478 1369 2500 suae
1385 2478 1510 2500 omnem
1526 2466 1670 2501 iniuriam
1693 2467 1751 2502 sibi

1009 2514 1122 2547 illatam
1150 2514 1295 2548 dimittat.
1320 2514 1452 2549 Sorores
1471 2515 1641 2550 servientes
1668 2524 1752 2550 extra

1009 2563 1232 2597 monasterium
1262 2563 1386 2610 longam
1410 2575 1527 2598 moram
1551 2563 1674 2606 saciant,
1693 2566 1751 2600 nisi
1768 2554 1827 2602 fiii?
1840 2555 1948 2608 ξἀἶῗῗῖἶ-

1778 1795 1876 1816 munies
1895 1801 1946 1816 caue

1765 1826 1875 1847 citiandae.

1788 2520 1932 2541 Servieutibus

221 2611 346 2656 gentius
367 2610 461 2647 debet
487 2623 576 2648 soror
615 2611 743 2658 diligere
779 2619 809 2646 et
849 2612 968 2647 nutrire
1009 2623 1100 2646 causa
1124 2610 1306 2647 manifestae
1325 2613 1520 2648 necessitatis
1541 2614 1687 2661 requirat.
1713 2613 1876 2649 Et'ef'ffld‘
