2129 3223
31 213 74 243 An
104 212 133 240 C.
147 214 214 240 ¹225

48 1355 70 1377 Et
88 1357 205 1378 observan-

23 1388 71 1409 tium
87 1387 148 1408 huius
171 1390 205 1407 te-

22 1419 118 1439 sumenti

28 1752 164 1774 observanda
173 1757 205 1772 re-

21 1783 68 1810 gula
82 1784 128 1804 sine
146 1783 204 1808 glos-

850 216 1011 238 mosomus
1033 216 1069 238 ιιι
1093 216 1138 237 rr.
1638 206 1706 239 399
1771 217 1821 242 An.
1840 213 1869 240 C.
1886 215 1950 241 ¹22&

227 269 329 304 diariis
355 270 433 313 suis,
461 278 490 304 et
516 270 617 304 facete
638 268 774 304 officium
798 270 968 305 secuudum
1013 269 1132 317 pleatur
1159 269 1377 305 benedictione
1396 271 1466 306 Filii
1496 272 1556 316 sui,
1583 283 1654 306 cum
1676 283 1756 306 sau-

227 319 376 366 regulam

273 369 293 416 ἓ
319 371 370 402 17
396 368 433 401 Et
455 367 507 414 qui
530 368 646 403 inventi
668 377 784 410 essent,
803 370 885 416 quod
907 382 968 403 ιιοιι

225 418 359 453 facerent
386 417 521 452 officium
549 417 724 452 secundum
754 419 905 464 regulam,
940 427 969 453 et

226 467 337 502 vellent
358 467 417 502 alio
440 466 533 501 modo
556 468 683 507 variare,
700 476 753 502 aut
777 481 838 503 non
865 477 969 503 essent

223 516 378 557 catholici,
405 528 513 551 omnes
536 516 644 552 fratres
678 517 870 565 ubicumque
897 525 968 552 sunt

223 574 388 601 teneantur
416 578 472 612 per
513 566 737 606 obedientiam,
778 567 861 613 quod
898 567 968 601 ubi-

222 626 358 662 cumque
381 615 734 663 invenci-intaliquem
729 629 882 671 ipsorum,
900 629 969 671 pto—

221 664 343 699 ximiori
372 664 494 700 custodi
523 664 605 700 illius
626 666 698 707 loci,
717 666 798 700 ubi
793 679 895 712 ipsum
925 679 969 700 ιιι-

222 714 373 756 venerint,
401 714 536 749 debeant
560 724 769 761 praesentare,
798 724 827 750 et
861 723 968 750 custos

221 771 363 798 teneatur
381 776 437 811 per
458 764 690 799 obedientiam
685 778 787 811 ιρ5ιιιιι
810 765 967 800 custodire

221 812 352 854 fortiter,
380 813 461 848 sicut
488 814 646 848 hominem
672 814 701 848 iu
732 815 888 854 vinculis,
918 814 967 849 die

220 871 389 910 noctuque,
417 863 457 898 ita
479 864 562 910 quod
591 876 651 898 non
685 864 783 910 possit
817 864 894 910 eripi
927 864 966 899 de

219 911 364 948 manibus
390 913 468 954 suis,
490 913 591 947 donec
614 921 826 959 repraesentet
847 927 918 948 eum
936 914 965 948 in

220 961 366 997 manibus
387 962 435 997 sui
464 962 608 997 ministri.
637 962 779 997 Minister
806 975 877 998 vero
914 972 965 997 te—

218 1021 330 1046 neatur
351 1023 406 1058 per
426 1012 634 1054 obedientiam
658 1012 782 1047 mittere
804 1025 888 1057 eum,
912 1026 966 1059 per

217 1060 295 1096 tales
315 1060 435 1101 fratres,
462 1062 514 1108 qui
538 1061 589 1096 die
608 1070 766 1108 noctuque
788 1062 965 1097 custodiant

218 1122 288 1144 eum
316 1110 577 1145 sicuthominem
613 1111 641 1145 in
678 1111 829 1155 xinculis,
865 1111 965 1146 donec

218 1168 430 1207 reptaesentet
459 1174 530 1194 eum
580 1172 684 1194 coram
727 1160 857 1195 domino
900 1161 965 1195 Ho-

218 1209 346 1252 stiense,
379 1210 429 1256 qui
467 1219 512 1244 est
551 1209 698 1244 dominus
736 1219 904 1257 protector,
936 1219 965 1245 et

219 1267 377 1293 corrector
403 1259 493 1294 istius
520 1259 726 1294 fraternitatis.

267 1307 287 1355 5
317 1310 370 1342 18.
394 1307 431 1342 Ει
453 1321 515 1343 ιιοιι
543 1308 647 1343 dicant
670 1308 790 1349 fratres,
813 1309 888 1343 haec
919 1318 964 1343 est

219 1357 277 1392 alia
304 1357 423 1403 regula,
444 1358 514 1404 quia
537 1357 613 1392 haec
640 1367 685 1392 est
708 1358 892 1398 recordatio,
914 1359 965 1393 ad-

220 1406 350 1441 monitio
382 1416 413 1441 et
442 1408 628 1451 exhortatio7
661 1415 693 1441 et
729 1419 832 1442 meum
867 1415 964 1442 testa—

218 1465 384 1500 mentum,
427 1456 512 1503 quod
548 1469 605 1502 ego
644 1456 738 1491 frater
776 1456 964 1492 Franciscus

219 1505 368 1550 paryulus
381 1514 482 1541 vester
503 1506 583 1540 facio
605 1505 693 1540 vobis
715 1506 863 1540 fratribus
887 1507 964 1540 meis

219 1555 404 1595 benedictis,
429 1564 555 1602 propter
576 1556 672 1602 quod,
696 1555 832 1601 regulam
869 1568 963 1602 quam

217 1604 355 1640 Domino
378 1606 593 1652 promisimus,
627 1605 779 1639 catholice
810 1605 964 1640 observe-

219 1667 300 1690 mus.

265 1703 286 1752 S
309 1707 364 1739 19.
387 1704 427 1739 Et
447 1704 601 1751 generalis
622 1704 776 1747 minister,
798 1713 828 1738 et
854 1716 964 1738 omues

218 1753 268 1788 alii
295 1753 430 1788 ministri
465 1763 495 1788 et
533 1753 680 1788 custodes
714 1762 877 1787 teneantur
910 1765 964 1800 per

218 1802 426 1838 obedientiam
450 1804 480 1837 in
509 1803 575 1837 istis
598 1802 699 1837 verbis
734 1815 796 1835 non
829 1802 962 1843 addere,

219 1851 269 1887 vel
295 1852 448 1893 minuere;
471 1853 524 1886 sed
559 1852 619 1886 hoc
653 1852 804 1898 scriptum
840 1864 964 1897 semper

219 1901 353 1936 habeant
389 1902 473 1936 iuxta
508 1901 659 1946 regulam,
688 1909 717 1935 et
752 1901 780 1934 in
817 1901 964 1935 omnibus

217 1950 367 1998 capitulis
387 1963 466 1998 quae
494 1950 622 1994 faciunt,
644 1950 769 1996 quando
785 1950 892 1996 legunt
914 1963 964 1985 re-

217 2000 334 2046 gulam,
355 2000 460 2046 legant
487 2009 515 2034 et
544 2001 599 2034 ista
622 1999 724 2034 verba.
753 1999 791 2033 Et
814 2000 964 2034 omnibus

216 2049 365 2085 fratribus
387 2050 465 2085 meis
499 2049 621 2084 clericis
642 2057 672 2084 et
693 2049 778 2083 laicis
806 2049 963 2096 praecipio

218 2099 347 2134 firmiter
353 2111 418 2154 *per
444 2098 669 2135 obedientiam
692 2106 724 2132 ut
748 2110 807 2132 non
842 2099 963 2133 mittant

216 2148 359 2194 glossas
353 2161 383 2182 tn
400 2147 516 2193 regula
539 2159 595 2182 nec
615 2147 681 2182 istis
704 2147 804 2181 verbis
817 2147 962 2192 di‹endo,

218 2198 258 2232 ita
284 2198 393 2232 volunt
422 2197 566 2243 intelligi
589 2197 642 2231 sed
665 2197 747 2230 sicut
775 2196 860 2231 dedit
887 2198 961 2231 mihi

217 2245 373 2282 Dominus
406 2246 590 2292 simpliciter
616 2255 645 2280 et
683 2258 758 2292 pure
795 2246 898 2281 dicere
932 2255 963 2281 et

216 2296 353 2331 seribere
374 2296 526 2342 regulam,
549 2304 578 2330 et
606 2296 661 2330 ista
691 2295 799 2335 verba,
820 2296 857 2329 ita
880 2297 962 2330 sim-

217 2345 338 2392 pliciter
358 2355 388 2379 et
414 2357 492 2392 pure
524 2345 590 2379 sine
622 2345 724 2391 glossa
760 2344 961 2390 intelligatis,

217 2403 247 2428 et
267 2407 338 2429 cum
357 2403 462 2429 saneta
479 2395 659 2441 operatione
674 2394 845 2428 observetis
865 2407 962 2441 usque

217 2444 248 2477 in
277 2443 381 2479 finem.

266 2492 368 2539 820.
398 2492 438 2526 Et
471 2494 663 2539 quicumque
701 2492 778 2525 haec
816 2492 984 2533 observa-.

218 2542 308 2586 vetit,
335 2543 364 2576 in
387 2541 475 2576 coelo
498 2541 652 2589 repleatur
679 2540 896 2575 benedictione
915 2541 963 2575 al—

1011 319 1149 354 ctissimo
1174 318 1294 366 Spiritu
1335 319 1496 361 l'araclito
1538 329 1569 356 et
1611 320 1757 356 omnibus

1013 369 1176 403 vit-tutibus
1194 369 1354 403 coelorum
1378 378 1406 404 et
1430 370 1578 406 omnibus
1599 372 1724 406 sanctis

1059 418 1098 452 Et
1120 431 1178 464 ego
1207 418 1297 453 l'r·at=i
1319 418 1506 454 Franciseus
1526 420 1673 467 parvulus
1703 432 1757 454 ve—

1010 476 1084 510 ster
1107 476 1137 503 et
1159 480 1279 507 setius
1300 477 1597 524 quantumcumque
1627 481 1755 517 possum

1009 518 1160 552 conlirmo
1184 517 1269 552 vobis
1299 518 1383 553 intus
1409 528 1438 553 et
1480 519 1555 553 foris
1579 520 1667 553 istam
1689 531 1756 553 sau-

1009 567 1177 602 ctissimam
1202 567 1463 602 benedictionem.
1488 568 1600 602 &mcii

1312 718 1451 753 LXVIII.

1008 786 1194 818 Sanctorum
1226 788 1431 829 consessorum
1464 789 1577 820 canoni
1605 789 1757 822 adscribi-

1056 843 1106 868 tur
1131 835 1170 868 B.
1203 836 1392 870 Wi'llhelmus
1419 838 1582 870 canonicus
1607 839 1758 882 reqularis

1055 886 1296 930 conqreqaeionis
1318 886 1428 919 Sancti
1454 886 1580 920 Victoris
1603 888 1755 922 parisien.

1055 942 1080 966 et
1107 936 1200 970 abbas
1224 936 1452 970 Roschildensis
1473 938 1504 969 ιἰι
1528 937 1634 970 Dant'a
1655 939 1712 980 (l).

1273 1000 1485 1031 statuariunt

1006 1057 1193 1089 Prooemium.
1216 1076 1253 1081 —
1282 1060 1305 1088 l.
1329 1059 1431 1088 Petitio
1459 1058 1590 1089 Pontifici
1620 1060 1692 1090 facta
1720 1061 1755 1090 de

1045 1101 1075 1131 B.
1087 1102 1244 1133 villhelmo
1257 1102 1302 1132 Ss.
1321 1103 1386 1132 albo
1403 1102 1692 1134 adscribendo—2.
1704 1104 1753 1135 In-

1046 1147 1165 1185 quisitio
1184 1148 1219 1177 (le
1239 1148 1302 1177 eius
1321 1149 1376 1177 vita
1407 1152 1435 1177 et
1450 1148 1600 1178 miraculis
1619 1149 1701 1179 sacta.
1717 1167 1756 1172 —

1045 1191 1116 1221 Eum
1140 1192 1292 1222 canonizat
1307 1191 1462 1222 Honorius.
1485 1209 1522 1213 —
1537 1193 1564 1222 4.
1587 1192 1688 1223 Cultus
1711 1194 1752 1224 illi

1045 1245 1059 1264 a
1077 1235 1164 1265 Danis
1181 1236 1306 1266 dandus.

1004 1302 1131 1330 Honorius
1150 1303 1289 1337 episcopus
1313 1309 1406 1331 set-vus
1436 1310 1574 1332 servorum
1610 1304 1665 1337 Del,
1696 1305 1755 1333 uni-

1050 1352 1136 1379 versis
1165 1352 1388 1380 christifidelssius
1406 1359 1453 1387 per
1472 1359 1583 1388 regnum
1602 1353 1697 1382 Daciae
1710 1349 1753 1391 (ΕΣ)

1049 1401 1221 1434 constitutis,
1260 1401 1376 1430 salutem
1395 1403 1424 1430 et
1449 1403 1624 1437 apostoticam
1649 1403 1753 1432 benedi-

1049 1449 1177 1478 ctionem.

1056 1517 1260 1553 Sacrosaucta
1286 1518 1427 1553 Ecclesia
1455 1519 1558 1554 divina
1588 1520 1656 1554 luce
1680 1532 1753 1566 per-
1795 1530 1925 1551 Prooemmm.

1005 1567 1070 1602 susa
1107 1579 1161 1614 pet
1191 1567 1300 1602 orbem
1328 1576 1480 1602 terrarum
1512 1569 1603 1623 longe
1631 1569 1753 1624 lateque

1006 1617 1109 1651 radios
1135 1629 1210 1652 suae
1234 1617 1454 1652 illustrationis
1475 1618 1599 1660 emittit
1622 1618 1698 1653 dum
1722 1632 1751 1653 ιιι

1005 1667 1121 1701 sanetis
1143 1667 1209 1701 suis
1231 1667 1382 1701 mirabilis
1396 1666 1554 1702 Dominus
1577 1668 1668 1702 witam
1685 1681 1752 1703 san-

1004 1725 1085 1751 ctam
1108 1728 1234 1757 eorum,
1256 1716 1310 1763 qui
1339 1717 1574 1751 seminaverunt
1602 1717 1632 1751 in
1660 1718 1752 1765 lacry-

1005 1765 1082 1803 mis,
1112 1765 1332 1800 miraculorum
1366 1767 1479 1800 virtute
1500 1766 1680 1807 confirmat,
1706 1768 1752 1802 si—

1004 1815 1137 1861 gnisque
1173 1814 1383 1862 sequentibus
1413 1816 1546 1858 indicat,
1582 1816 1667 1863 quod
1705 1816 1750 1851 eis

1005 1864 1205 1910 splendorem
1230 1877 1284 1908 pro
1310 1864 1429 1899 meritis
1451 1865 1559 1899 tribuit
1581 1866 1752 1912 sempiter-

1006 1927 1093 1956 num,
1126 1914 1299 1949 ostendens
1325 1914 1461 1949 thesauri
1495 1916 1542 1949 sui
1570 1914 1692 1949 divitias
1719 1916 1749 1950 in

1006 1975 1074 1997 vasa
1110 1963 1360 2003 misericordiae,
1396 1964 1593 1999 iustificando
1616 1964 1751 2011 praede—

1004 2014 1146 2055 stinatos,
1176 2021 1206 2046 et
1235 2013 1439 2058 glorificando
1467 2014 1584 2058 iustos,
1617 2026 1696 2061 quos
1719 2015 1748 2048 in

1004 2061 1135 2116 gloriam
1161 2064 1365 2109 praeparavit

1052 2116 1121 2154 §.l
1145 2110 1225 2145 Cum
1249 2124 1323 2157 ergo
1345 2112 1530 2146 iamdudum
1557 2120 1684 2147 sanctae
1705 2125 1750 2146 r-e
1776 2124 1852 2144 reum>
1869 2123 1944 2144 rom-

1003 2161 1194 2194 cordationis
1216 2160 1420 2195 Willhelmus
1446 2161 1541 2196 abbas
1568 2153 1943 2205 monasterii{fff,{,{{2¹,{³0‘¹‘³5¹}>

1003 2209 1036 2244 S
1064 2209 1216 2253 Thomae,
1239 2211 1323 2256 quod
1347 2211 1461 2244 dicitur
1483 2211 1512 2244 in
1534 2210 1701 2254 paraclito,
1718 2219 1746 2244 et
1761 2215 1816 2266 ³¹b0d
1863 2216 1944 2236 “lmi-

1003 2259 1086 2305 quod
1110 2259 1245 2305 quodam
1268 2259 1348 2293 felici
1374 2261 1546 2306 praesagio
1569 2259 1746 2294 huiusmodi
1761 2246 1802 2266 ’Μ
1819 2252 1837 2266 ⁰

1004 2308 1127 2342 videtur
1152 2309 1295 2342 sortitum
1332 2308 1516 2343 vocabulum
1552 2321 1589 2343 ex
1616 2317 1747 2349 eventu

1003 2370 1074 2391 cum
1098 2369 1167 2391 vere
1188 2357 1325 2401 Spiritus
1348 2357 1491 2391 Paracliti
1510 2358 1626 2392 donum
1645 2357 1747 2399 suerit,

1003 2419 1063 2452 quo
1087 2407 1168 2440 idem
1193 2406 1319 2440 Domini
1342 2406 1477 2441 famulus
1504 2407 1582 2442 stola
1609 2407 1748 2442 beatitu—

1003 2456 1087 2489 dinis
1121 2463 1167 2489 est
1200 2455 1350 2499 indutus,
1385 2464 1454 2502 post
1491 2466 1620 2491 mortem
1657 2457 1749 2492 cuius

1038 2528 1061 2558 (t
1068 2527 1130 2559 )Ex
1149 2527 1251 2560 Regest.
1275 2526 1355 2552 Vatic
1375 2526 1457 2552 edidit
1486 2527 1636 2560 Fontanin„
1659 2527 1747 2556 Codex

1003 2565 1138 2596 Cauoniz.‚
1157 2573 1215 2600 pag.
1237 2567 1279 2592 55
1311 2566 1349 2600 (·2)
1375 2566 1526 2600 Legendum
1551 2570 1675 2601 putamus
1693 2569 1748 2594 Da-

218 2590 330 2626 tissimi
352 2590 454 2624 Patris
479 2591 637 2635 coelestis⁷
663 2599 692 2625 et
732 2592 762 2624 in
802 2597 880 2625 terra
913 2603 961 2625 te-
980 2601 985 2632 ι
1004 2605 1113 2631 niaehic
1129 2608 1154 2631 et
1171 2613 1267 2639 passum
1285 2606 1309 2631 jn
1329 2605 1408 2632 bulla
