2129 3223
46 255 97 283 An.
115 253 144 282 C.
162 255 228 282 ΗΘΒ

837 255 1047 278 issocnsrtt's
1070 256 1105 277 ΙΙΙ
1131 255 1177 278 PP.

242 312 440 351 ttintonium,
464 323 524 345 non
557 310 641 350 suis,
668 310 722 345 sed
746 322 855 345 eorum
883 310 986 358 culpis

240 361 406 399 amissum.
433 360 622 395 adiutorium
651 360 795 406 implorat
824 361 986 407 ipsorum,

241 421 302 444 non
325 409 428 444 solunt
453 410 527 444 illud
552 409 735 456 impendere
768 409 987 444 ‹lanmabiliter

238 458 297 493 sibi
325 467 486 494 renuunt.
522 471 628 493 rerum
657 459 749 493 etiam
784 459 812 492 in
842 472 875 494 sc
903 459 987 505 ipsos

239 507 391 544 hostiliter
420 520 504 543 arma
528 510 734 543 convertunt?
765 507 847 542 Proli
877 508 984 543 dolor!

237 557 309 604 quis
343 557 429 593 furor
462 568 530 595 est,
566 567 595 592 et
629 569 709 604 quae
747 557 870 592 licentia
903 566 983 592 tauta

238 606 309 641 ferri
343 606 588 642 domesticorum
627 618 770 642 cruorem
804 619 858 653 per
884 608 984 642 civilia

238 655 317 691 bella
332 657 482 701 condere,
504 669 539 692 ac
563 656 696 703 perfidas
718 664 747 691 et
772 656 910 703 perferas
929 669 985 692 na-

237 705 339 740 tiones
353 705 392 741 de
414 705 530 741 Cltristi
545 707 647 741 sinere
667 706 855 753 patrimonio
871 707 985 740 trium-

237 754 353 800 phare?
389 755 548 803 Numquid
581 755 757 790 abbreviata
793 764 821 790 et
858 756 982 802 parvula

236 803 313 839 facta
341 813 387 840 est
414 817 528 840 manus
549 805 636 843 eius,
661 814 693 839 ut
716 817 777 839 uon
809 806 905 851 possit
928 817 982 840 re-

235 853 367 898 dimere,
387 863 438 889 aut
457 867 517 889 non
542 862 588 889 est
608 855 704 889 virtus
726 854 763 889 ad
785 854 981 889 liberandum

235 903 265 937 in
294 903 383 950 ipso?
410 904 522 938 Nonne
546 905 631 950 ipse,
655 904 707 951 qui
732 903 929 938 malefaceret
952 904 981 938 iu

234 964 289 987 sua
309 953 521 1001 increpatione
545 953 721 995 desertum,
744 953 889 988 indueret
909 966 983 988 coe-

235 1002 281 1037 los
307 1002 465 1043 tenebris,
496 1012 526 1038 et
553 1015 678 1038 saccum
715 1011 844 1049 poneret
876 1004 982 1050 operi—

232 1060 374 1087 mentum
415 1065 524 1088 eorum
541 1079 550 1095 ,
577 1052 752 1087 funiculum
782 1052 982 1087 baereditatis

232 1112 308 1136 suae
334 1102 367 1136 in
396 1102 464 1137 solo
494 1111 598 1149 posset
628 1103 692 1136 oris
721 1102 769 1135 sui
805 1101 897 1136 verbo
919 1102 982 1136 sal-

233 1150 325 1185 vare?
345 1151 433 1186 Deus
455 1151 612 1198 siquidem
635 1152 847 1197 sempiternus
871 1151 981 1186 Domi-

232 1212 304 1244 nus,
325 1202 377 1249 qui
401 1202 551 1236 terminos
575 1210 673 1236 terrae
695 1201 821 1238 creavit,
846 1202 898 1248 qui
929 1200 982 1235 dat

232 1249 321 1297 lapso
347 1250 506 1290 virtutem,
533 1259 564 1285 ct
591 1251 628 1284 iis
650 1251 702 1297 qui
727 1263 787 1284 uon
817 1258 889 1284 sunt
919 1251 976 1284 for-

231 1298 398 1335 titudinem
433 1308 463 1334 et
485 1299 580 1334 robur
607 1299 813 1346 multiplicat,
841 1311 902 1333 non
925 1300 981 1334 de-

232 1348 328 1389 ficiet,
350 1361 408 1384 nec
431 1350 522 1384 etiam
551 1348 714 1385 laborabit,
736 1350 811 1395 quin
832 1348 982 1383 Orienta-

231 1397 292 1432 lem
315 1399 508 1446 provinciam
531 1397 658 1444 quando
683 1398 825 1437 voluerit,
847 1406 877 1431 et
899 1398 981 1433 sicut

231 1446 366 1482 voluerit
385 1447 425 1482 de
440 1447 586 1483 manibus
607 1455 695 1481 eruat
715 1447 902 1493 impiorum:
924 1447 979 1481 sed

231 1496 263 1530 in
285 1497 493 1545 occupatione
518 1509 553 1531 ac
575 1497 754 1531 detentione
783 1496 881 1542 ipsius
904 1508 979 1543 pec-

231 1553 299 1582 cata
324 1555 430 1582 nostra
459 1547 503 1581 sic
530 1545 659 1581 forsitan
696 1545 855 1592 punienda
889 1557 981 1592 prae-

233 1595 311 1630 vidit
325 1604 360 1630 ut
381 1608 482 1644 poena
496 1596 561 1643 ipsa
582 1594 862 1642 impoenitentibus
881 1595 981 1630 maio-

232 1656 298 1679 rem
313 1653 486 1680 verteretur
500 1645 529 1679 in
546 1645 683 1692 culpam,
697 1653 725 1678 et
746 1644 980 1691 poenitentibus

232 1694 398 1741 proficeret
425 1695 463 1730 ad
497 1706 663 1729 coronam:
693 1702 726 1727 ut
758 1694 843 1728 unde
865 1702 981 1728 contu-

231 1744 369 1781 macium
401 1752 584 1791 aggravaret
617 1755 784 1783 excessus,
821 1742 894 1777 inde
923 1756 981 1778 re-

232 1793 369 1828 mitteret
401 1793 634 1828 humiliantium
667 1805 700 1826 se
730 1800 843 1827 reatus.
869 1791 982 1827 Sciens

233 1842 349 1878 etenim
373 1843 457 1890 quod
486 1841 689 1888 diligentibus
716 1854 748 1875 se
775 1842 880 1875 omnia
907 1853 981 1876 coo-

234 1900 383 1939 perantur
416 1892 446 1926 in
475 1891 617 1931 bouum,
653 1903 714 1924 uon
752 1899 785 1925 ut
818 1891 980 1925 scientiam

233 1939 294 1976 sibi
317 1953 373 1989 per
398 1941 624 1988 experientiam
657 1948 873 1987 compararet,
910 1952 981 1975 cum

235 1991 380 2026 universa
397 1991 528 2031 noverit,
542 1999 572 2024 et
587 1989 775 2036 praeviderit
790 1989 829 2024 ab
843 1998 982 2030 aeterno,

235 2039 290 2074 sed
333 2048 365 2074 ut
405 2052 463 2074 nos
495 2039 534 2074 de
572 2041 683 2074 virtute
722 2039 768 2073 rel
805 2038 983 2074 infirmitate

235 2098 342 2125 nostra
364 2089 509 2124 redderet
529 2089 694 2133 certiores,
721 2097 750 2122 et
777 2089 863 2123 daret
891 2089 984 2123 intel-

235 2138 290 2185 ligi
324 2138 464 2186 plenius,
497 2139 550 2185 qui
584 2147 657 2172 sunt
687 2139 764 2173 eius.
794 2137 984 2173 Salutifei·ae

236 2187 350 2224 Crucis
374 2189 498 2235 signum
528 2187 558 2221 in
585 2200 646 2234 quo
669 2188 736 2234 ipse
766 2186 852 2222 salus
878 2197 982 2222 nostra

237 2237 399 2284 pependit,
421 2246 453 2272 et
468 2246 593 2272 terram·
608 2236 774 2271 nativitatis
787 2249 875 2278 suae,
890 2250 982 2284 quam

239 2287 366 2334 proprio
400 2287 557 2334 sanguine
591 2287 807 2326 consecravit,
843 2288 910 2333 capi
947 2287 985 2320 31)

239 2336 376 2372 inimicis
417 2337 488 2372 fidei
529 2336 718 2370 christianae
759 2336 922 2383 permisit,
959 2337 982 2369 si

239 2397 343 2432 quem
367 2385 471 2421 forsan
511 2393 653 2431 tangeret
676 2385 756 2423 ‚eius
795 2385 925 2425 iniuria,
959 2386 984 2419 si

240 2447 333 2481 quem
364 2436 449 2471 zelus
479 2434 602 2470 divinae
624 2434 700 2480 legis
726 2434 929 2478 accenderet,
956 2443 986 2468 et

241 2484 279 2517 ad
295 2485 512 2520 vindicandam
533 2483 645 2519 Crucis
668 2484 811 2517 iniuriam
828 2485 984 2518 excitaret.

242 2532 445 2569 Dormiebant
474 2535 590 2568 etenim
618 2545 766 2567 somnum
797 2545 887 2567 suum
917 2545 987 2567 om-

242 2593 299 2617 nes
331 2584 388 2618 viri
422 2583 602 2618 divitiarum
633 2582 853 2625 dormiebant,
891 2590 921 2616 et
957 2584 986 2616 in

243 2631 310 2666 suis
330 2632 544 2666 voluntatibus
570 2645 605 2667 ac
629 2630 841 2678 voluptatibus
867 2630 988 2665 dormi-

1656 248 1726 281 2⁶25

1029 310 1146 350 tabant,
1169 322 1239 344 cum
1265 311 1363 345 fai-tus
1386 321 1428 347 est
1455 322 1614 359 repetente
1635 313 1675 349 de
1691 314 1777 349 caelo

1028 371 1126 394 sonus
1152 359 1191 394 de
1228 361 1388 406 inopinato
1421 362 1540 396 Cltristi
1577 363 1777 398 haereditatis

1027 409 1162 449 ext-idio,
1191 421 1252 443 non
1283 411 1382 444 solum
1412 413 1548 446 vxvimns
1571 412 1775 448 dormientes.

1027 458 1080 492 serl
1117 459 1281 493 uniret-sos
1309 459 1549 495 christianorum
1589 461 1667 497 fines
1696 475 1777 497 con—

1027 508 1167 542 cutiens:
1197 516 1229 542 ttt
1256 509 1327 555 quia
1358 510 1460 543 nullus
1487 510 1526 544 de
1549 510 1605 545 Dei
1638 513 1774 558 potentia

1027 557 1201 596 dubitabat,
1225 557 1253 591 id
1281 558 1396 603 singuli
1419 559 1484 593 suis
1507 560 1693 595 criminibus
1715 563 1775 596 im-

1028 616 1187 653 putarent,
1215 616 1242 641 et
1272 608 1317 641 sic
1346 608 1453 642 saltem
1486 618 1715 645 reverterentur
1737 612 1774 646 ad

1029 656 1216 699 bominum,
1239 666 1267 692 ct
1292 657 1330 690 ‹le
1357 659 1421 692 suis
1444 659 1638 705 poeniterent
1665 673 1774 696 exces-

1026 706 1128 746 sibus,
1157 707 1208 753 qui
1242 707 1327 752 prius
1351 707 1380 740 in
1409 707 1558 742 cordibus
1590 710 1658 744 suis
1685 710 1774 744 ‹lixe-

1027 764 1108 790 rant:
1134 755 1201 790 Non
1225 765 1269 790 est
1287 756 1381 790 Deus.
1405 755 1487 791 Cum
1505 757 1600 803 igitur
1619 758 1773 793 Dominus

1027 806 1055 839 iu
1080 805 1138 839 ltoc
1166 805 1268 840 forsan
1297 806 1493 840 occasionem
1523 806 1613 842 nobis
1642 808 1772 843 voluerit

1026 862 1181 901 praestare
1194 855 1315 899 salutis,
1339 856 1436 890 immo
1451 855 1632 892 salvationis
1646 869 1770 893 causam

1026 903 1191 949 praebere,
1226 904 1460 939 universitatem
1497 915 1628 941 vestram
1661 919 1773 942 mone-

1025 966 1094 987 mus
1116 953 1266 988 attentius
1296 962 1326 988 et
1352 954 1554 989 exhortamur
1576 956 1607 990 in
1635 955 1772 991 Domino

1024 1015 1059 1037 ac
1083 1003 1111 1037 in
1136 1004 1352 1037 remissionem
1377 1003 1464 1038 vobis
1487 1004 1683 1052 iniungimus
1699 1018 1773 1053 pec-

1024 1060 1175 1091 catorum,
1199 1061 1353 1099 quatenus
1375 1062 1445 1088 ante
1467 1055 1574 1089 oculos
1592 1056 1694 1090 cordis
1717 1056 1772 1090 lta-

1024 1101 1132 1136 beutes
1167 1101 1295 1136 exilium
1330 1101 1504 1142 Crucifixi,
1539 1104 1592 1150 qui
1628 1114 1772 1151 potentes

1023 1160 1095 1185 sunt
1118 1151 1267 1197 praelium
1293 1151 1418 1186 Domini
1449 1152 1605 1199 praeliari,
1631 1162 1661 1188 et
1690 1153 1772 1190 Cru-

1023 1212 1090 1234 cem
1122 1209 1152 1235 et
1179 1213 1264 1235 arma
1297 1210 1479 1247 capessant,
1514 1202 1568 1248 qui
1601 1214 1674 1238 vero
1708 1215 1769 1238 000

1022 1258 1095 1284 sunt
1118 1249 1236 1284 habiles
1262 1250 1299 1285 ad
1323 1251 1542 1297 pugnandum,
1566 1252 1596 1286 in
1623 1253 1771 1300 expensis

1023 1299 1087 1332 suis
1104 1299 1280 1334 secundum
1305 1301 1448 1347 proprias
1465 1300 1629 1337 facultates
1649 1302 1771 1350 aliquos

1023 1348 1157 1394 dirigant
1181 1348 1358 1386 bellatores,
1387 1362 1443 1384 uec
1466 1350 1506 1384 sit
1527 1351 1579 1397 qui
1599 1363 1632 1385 se
1654 1351 1692 1385 ab
1711 1352 1771 1386 ltu-

1023 1397 1156 1431 iusmodi
1198 1397 1351 1444 obsequio
1389 1399 1605 1434 subventionis
1644 1411 1771 1435 excuset

1022 1446 1096 1492 quin
1119 1447 1234 1494 aliquid
1268 1447 1376 1482 saltem
1411 1448 1569 1483 modicum
1598 1449 1644 1483 vel
1673 1462 1770 1484 unum

1023 1508 1186 1530 nummum
1212 1496 1403 1542 imperialem
1427 1507 1555 1544 propter
1576 1499 1635 1533 hoc
1660 1499 1771 1534 dei-ote

1022 1557 1057 1579 30
1077 1545 1208 1580 libenter
1230 1545 1402 1593 impendat,
1421 1558 1493 1581 cum
1513 1547 1550 1581 ad
1568 1549 1770 1583 mercandum

1024 1607 1156 1640 regnum
1178 1594 1338 1630 coelorum
1359 1595 1516 1631 interdum
1538 1597 1615 1631 calix
1639 1597 1771 1633 sufficiat

1022 1655 1121 1690 aquae
1154 1644 1300 1691 frigidae,
1323 1657 1358 1679 ac
1380 1657 1499 1692 pauper
1520 1647 1634 1682 mulier
1664 1648 1692 1682 10
1715 1659 1772 1693 ga-

1022 1693 1237 1740 zophylacium
1268 1694 1332 1729 duo
1363 1695 1481 1730 minuta
1517 1695 1670 1731 mittendo
1704 1697 1772 1731 lau-

1023 1743 1114 1777 detur
1150 1743 1220 1790 plus
1258 1744 1390 1778 caeteris
1428 1745 1590 1780 obtulisse.
1620 1745 1771 1791 Proinde,

1022 1792 1173 1826 carissimi
1202 1793 1274 1833 filii,
1297 1792 1371 1828 dum
1394 1795 1573 1829 communis
1595 1796 1688 1830 instat
1713 1807 1770 1830 ne·

1022 1842 1162 1883 cessitas,
1184 1841 1362 1878 simultates
1383 1842 1573 1879 domesticas
1593 1843 1771 1893 deponatis,

1023 1899 1053 1925 et
1075 1903 1201 1937 operam
1223 1904 1318 1939 quam
1335 1894 1445 1928 essetis
1467 1893 1558 1929 bellis
1579 1902 1633 1929 aut
1651 1895 1772 1941 guerris

1025 1941 1144 1975 mutuis
1166 1942 1353 1986 impensuri,
1378 1942 1408 1977 10
1431 1942 1546 1978 Terrae
1569 1943 1702 1978 Sanctae
1719 1957 1774 1979 vos

1025 1990 1109 2024 iuvet
1131 1990 1284 2025 auxilium
1307 2003 1471 2034 exercere,
1504 2005 1585 2039 quae
1613 2005 1669 2040 pro
1694 2006 1773 2040 pec-

1024 2040 1101 2073 catis
1125 2040 1239 2075 nostris
1261 2040 1335 2075 viris
1353 2048 1383 2076 et
1402 2042 1535 2086 viribus,
1555 2043 1774 2090 operatoribus

1024 2097 1054 2123 et
1088 2089 1203 2136 opibus
1230 2089 1378 2125 destituta
1413 2091 1442 2125 in
1471 2099 1554 2126 tanta
1589 2092 1774 2127 necessitate

1025 2138 1170 2174 consistit
1193 2139 1222 2173 in
1238 2147 1353 2187 quanta
1379 2152 1506 2185 prorsus
1530 2141 1569 2175 ab
1588 2142 1677 2175 initio
1699 2153 1774 2176 suae

1026 2188 1213 2223 visitationis
1236 2201 1433 2236 nequaquam
1457 2192 1599 2225 noscitur
1620 2191 1772 2225 extitisse.

1025 2236 1065 2271 Ut
1093 2247 1195 2272 autem
1230 2238 1268 2272 de
1295 2246 1394 2273 vestra
1427 2239 1486 2273 iarn
1514 2240 1602 2286 quasi
1637 2239 1774 2274 retribu-

1027 2287 1111 2320 tione
1139 2288 1240 2321 securi
1270 2287 1407 2322 laborem
1432 2297 1492 2322 tam
1524 2297 1667 2323 sanctum
1695 2301 1775 2323 con-

1027 2336 1177 2369 fidentius
1198 2337 1376 2380 assumatis,
1404 2336 1443 2370 de
1465 2337 1521 2371 Dei
1551 2339 1775 2385 omnipotentis

1028 2386 1238 2419 misericordia
1283 2394 1312 2419 et
1351 2385 1512 2421 beatorum
1559 2388 1772 2434 apostolorum

1027 2433 1111 2468 Petri
1134 2443 1165 2468 et
1193 2433 1278 2468 Pauli
1305 2436 1491 2469 auctoritate
1517 2436 1640 2481 contisi,
1663 2450 1698 2472 ex
1723 2438 1773 2472 illa

1027 2495 1120 2529 quam
1148 2483 1239 2518 nobis
1261 2482 1359 2525 Deus,
1386 2483 1457 2519 licet
1481 2484 1628 2531 indignis,
1656 2486 1771 2533 ligandi

1027 2541 1120 2579 atque
1147 2531 1288 2568 solvendi
1312 2534 1444 2567 contulit
1474 2543 1644 2581 potestate,
1669 2537 1774 2572 omni-

1028 2581 1086 2616 bus
1118 2582 1171 2629 qui
1199 2581 1336 2617 laborem
1364 2582 1459 2618 buius
1491 2584 1612 2620 itineris
1639 2585 1669 2620 iu
1698 2598 1774 2634 pro·

1030 2632 1104 2678 priis
1133 2632 1274 2666 oersonis
1301 2631 1453 2667 subierint
1475 2641 1503 2667 et
1526 2635 1683 2682 expensis,
1707 2635 1774 2683 ple-

1791 263 1837 286 Αο,
1857 261 1884 286 C.
1908 261 1971 287 lim}

1801 766 1883 788 Fiunt-:s
1919 769 1969 788 titr-

1787 802 1841 819 11101-
1862 801 1885 819 tul
1920 801 1970 820 solt<

1788 832 1907 850 t‘i‘tttionctu
1925 832 1969 850 le:⁴

1788 866 1822 881 rae
1838 861 1934 880 53011110,

1798 1806 1866 1825 Antea
1881 1809 1930 1824 vero
1942 1810 1968 1824 s.-

1784 1835 1882 1856 multates
1901 1835 1967 1861 depo*

1783 1867 1864 1887 pendas
1880 1868 1957 1885 monet.

1800 2501 1902 2521 Auxilium
1912 2507 1970 2528 prae>

1787 2531 1890 2552 uentibus
1900 2532 1970 2552 tactui-

1787 2565 1868 2589 gentias
1891 2565 1969 2590 imper-

1786 2595 1844 2616 tltitt·⁴
