2129 3223
75 313 123 342 Απ.
140 313 169 341 C.
186 312 252 341 ¹2¹2

85 367 162 396 Boxum
189 374 254 390 coro-

73 400 130 421 nano
171 398 254 426 strigo-

73 431 129 452 nien.
145 430 254 457 archiepi-

73 465 137 487 κονο
171 460 254 482 natura-

73 493 127 512 ult.

844 312 1055 337 tmocssurtus
1076 312 1115 336 ΙΙΙ
1137 312 1184 336 ΡΡ.

1678 305 1749 339 259

267 365 350 414 quqd
377 365 451 401 olim
479 365 569 400 nobis
590 365 685 400 multa
710 378 837 412 precum
866 366 1010 402 instantia
1054 366 1180 413 patieris
1207 366 1363 412 repulsam
1392 367 1421 402 in
1446 380 1510 416 quo
1530 368 1696 417 quisquam
1721 370 1800 418 prin-

267 415 471 462 supplicaras‚
498 422 531 450 ut
557 427 653 461 super
674 415 741 451 iure
763 416 932 451 coronandi
960 428 1013 451 re-

267 475 323 510 ges
344 463 522 511 Hungariae
543 463 752 511 strigoniensi
775 465 935 501 Ecclesiae
954 465 1014 512 pri-

267 512 413 560 vilegium
436 513 610 549 concedere
646 514 859 561 dignaremur,
892 527 1012 562 nosque

268 561 328 597 tuis
350 562 497 607 precibus
518 562 671 603 inclinati,
694 564 722 598 ei
745 576 841 610 super
865 564 924 598 hoc
947 564 1013 611 pri-

266 611 412 659 vilegium
429 613 679 648 concesserimus
693 612 820 648 fratrum
833 621 1011 648 nostrorum

267 660 553 708 subscriptionibus
574 662 766 704 roboratum,
779 662 1014 698 considerantes

267 709 372 750 etiam,
393 709 476 766 quod
504 710 529 745 si
558 719 694 758 potestas
725 711 896 746 coronandi
931 711 1014 756 regis

267 758 447 805 Hungariae
469 772 568 806 penes
589 760 729 796 diversas
754 760 914 795 Ecclesias
936 760 1014 794 resi-

268 808 366 851 deret,
388 809 442 843 toti
487 822 582 854 regno
619 822 711 857 grave
748 809 949 856 periculum,
984 816 1015 844 et

268 857 456 893 haeredibus
477 859 539 894 tuis
559 859 677 904 grande
691 866 798 906 posset
813 858 1013 906 dispendium

267 919 429 953 generare,
450 920 522 942 cum
545 908 626 944 sicut
660 908 785 956 plenius
811 908 878 955 ipse
921 908 1015 952 nosti,

268 956 448 1002 frequenter
470 957 550 992 inter
575 970 683 1005 regum
706 957 887 1004 Hungariae
908 956 1015 993 cohae-

269 1005 360 1041 redes
381 1018 476 1051 super
501 1006 671 1042 obtinenda
689 1008 774 1053 regni
793 1019 908 1042 corona
931 1018 1015 1041 scan-

268 1054 374 1090 dalum
401 1055 441 1089 sit
461 1063 618 1097 exortum,
646 1057 729 1104 quod
768 1056 876 1103 utique
909 1063 1017 1102 posset

267 1103 391 1139 facilius
412 1103 560 1146 suboriri,
588 1105 612 1141 si
636 1118 690 1142 eos
716 1106 856 1140 diversos
884 1117 1017 1140 corona-

269 1163 352 1189 tores
373 1153 569 1200 contingeret
595 1155 747 1198 invenire,
780 1162 908 1201 propter
940 1167 1018 1189 con-

268 1202 472 1237 tradictiones
505 1212 535 1239 et
557 1204 694 1239 rationes
709 1204 914 1251 praescriptas
934 1216 1018 1238 com-

270 1251 454 1297 positionem
491 1252 673 1288 buiusmodi
721 1266 783 1288 non
832 1253 992 1299 potuimus
1010 1281 1017 1293 ,

269 1300 350 1336 sicut
389 1312 448 1336 nec
481 1300 650 1337 debuimus
683 1302 879 1338 confirmare.
915 1301 1019 1348 Super

269 1349 450 1396 episcopatu
469 1363 596 1397 quoque
617 1351 657 1385 de
679 1364 759 1387 novo
779 1350 916 1386 creando
935 1352 1016 1398 apud

269 1397 485 1434 Cibiniensem
532 1400 704 1435 Ecclesiam
754 1401 782 1435 in
813 1400 1018 1435 Uitrasilvana

270 1448 418 1488 dioecesi,
459 1448 510 1494 qui
543 1450 706 1496 metropoli
741 1449 906 1485 Colocensi
941 1449 1019 1484 sub-

270 1496 373 1540 datur,
400 1498 581 1544 petitionem
604 1499 721 1544 regiam
746 1499 945 1545 nequivimus
971 1511 1021 1533 ex-

270 1546 400 1586 audire;
422 1547 570 1594 quoniam
598 1548 662 1582 sive
691 1548 890 1594 Apostolicae
930 1548 1018 1588 Sedi,

270 1595 350 1630 sicut
377 1603 409 1630 tu
448 1596 515 1642 ipse
554 1596 683 1631 firmiter
721 1597 914 1642 protestaris,
956 1597 1020 1632 sive

270 1644 481 1691 Strigoniensi
498 1646 677 1693 metropoli,
704 1647 782 1681 sicut
806 1654 1022 1693 procuratores

271 1697 370 1743 ipsius
415 1698 535 1733 fortiter
585 1699 777 1741 asserebant,
829 1699 1022 1734 Cibiniensis

273 1751 483 1798 praepositura
496 1752 535 1787 sit
558 1752 587 1786 in
608 1752 823 1800 spiritualibus
842 1752 1022 1787 immediate

271 1803 423 1847 subiecta,
445 1804 475 1839 id
503 1805 623 1852 absque
650 1805 747 1840 dubio
782 1806 811 1839 in
842 1806 1022 1840 alterutrius

273 1859 497 1905 praeiudicium
526 1860 726 1899 redundarem
749 1860 815 1897 sed,
839 1868 868 1894 et
894 1860 1020 1907 quidam

272 1912 378 1959 quise
400 1913 545 1947 nuntium
569 1913 755 1948 venerabilis
786 1913 887 1948 fratris
927 1915 1021 1949 nostri

274 1964 470 2001 Ultrasilvani
505 1966 646 2013 episcopi
686 1966 833 2009 faciebat,
861 1967 1024 2001 contradi-

273 2019 361 2054 cebat
383 2019 524 2059 omnino,
559 2032 682 2067 gravem
711 2029 740 2055 et
762 2032 923 2056 enormem
966 2020 1024 2056 Ul-

274 2072 429 2106 trasilvani
452 2073 652 2120 episcopatus
674 2073 918 2108 diminutionem
954 2074 1022 2109 alle-

274 2137 362 2172 gans:
385 2126 581 2161 serenitatem
610 2127 705 2172 igitur
722 2128 839 2173 regiam
864 2140 1023 2174 rogamus,

275 2190 453 2219 monemus,
482 2187 511 2213 et
539 2179 739 2215 exhortamur
765 2182 916 2216 attentius
944 2193 1024 2228 qua-

276 2239 368 2268 tenus
401 2233 437 2267 ad
468 2232 537 2267 duri
556 2233 614 2267 iam
660 2233 750 2268 nobis
778 2246 839 2268 non
877 2234 1023 2282 imputes,

275 2286 359 2334 quod
387 2286 607 2333 compositioni
632 2286 807 2333 praedictae
831 2287 925 2322 robur
961 2300 1022 2322 non

276 2339 476 2375 attribuimus
518 2340 684 2383 firmitatis,
727 2340 779 2375 sed
817 2349 877 2375 tam
921 2342 1024 2388 provi-

277 2392 411 2432 dentiae,
432 2405 527 2440 quam
556 2392 692 2427 iustitiae
708 2392 736 2426 id
751 2393 1025 2440 ascribas‚quihus

278 2445 378 2491 regni,
405 2452 436 2480 et
461 2445 633 2480 haeredum
670 2453 794 2479 tuorum
835 2446 1025 2481 indemnita-

278 2498 363 2533 tibus
396 2497 546 2533 duximus
589 2497 849 2544 praecavendum,
888 2506 918 2533 et
949 2499 1026 2534 iuris

279 2549 422 2585 ordinem
463 2550 719 2593 observandum,
757 2562 829 2585 cum
878 2551 1026 2587 omnibus

282 2603 350 2639 facti
370 2616 482 2639 sumus
504 2605 533 2639 in
557 2604 675 2640 iustitia
697 2603 868 2646 debitores;
890 2605 1027 2640 sciturus

283 2668 339 2703 pro
364 2666 449 2692 certo
470 2657 554 2704 quod
578 2659 607 2692 in
631 2657 717 2692 nullo
733 2669 870 2704 unquam
898 2670 913 2693 a
937 2659 1027 2694 nobis

1054 416 1158 463 cipum
1181 415 1291 450 debeat
1313 416 1451 452 exaudiri
1470 420 1524 462 (1).

1102 464 1224 507 Datum
1241 464 1385 501 Laterani
1404 467 1544 502 secundo
1558 467 1630 503 idus
1645 467 1802 509 februarii,

1056 513 1255 561 pontificatus
1276 516 1372 550 nostri
1400 527 1481 551 anno
1507 517 1752 564 quartodecimo.

1068 574 1128 606 Dat.
1148 575 1196 606 die
1212 574 1248 606 12
1264 575 1407 607 februarii
1424 577 1510 615 1212,
1525 578 1628 618 pontif.
1643 588 1719 610 anno
1731 587 1786 610 xtv.

1355 731 1504 770 LXXXI.

1057 808 1205 842 Irritatur
1253 809 1399 854 quicquid
1439 817 1546 845 contra
1586 812 1708 846 clericos
1761 814 1807 848 vel

1107 857 1258 891 Ecclesias
1283 865 1431 892 statutum
1456 866 1496 893 est
1527 861 1567 895 ab
1596 861 1715 896 Othone
1740 864 1806 897 t'rn-

1103 914 1254 951 peratore,
1297 919 1333 942 ac
1364 910 1542 953 praesertim
1582 914 1728 946 sententia
1768 914 1807 947 ab

1105 957 1207 990 eodem
1235 957 1301 991 lala
1334 966 1441 993 contra
1476 960 1649 1005 episcopum
1693 961 1807 996 Cuma-

1106 1017 1180 1039 num
1206 1008 1263 1049 (2).

1327 1079 1541 1113 SUMMARIUM

1058 1145 1246 1176 Prooemium.
1271 1162 1311 1169 —
1330 1145 1442 1176 statuta
1464 1146 1501 1177 ab
1523 1145 1635 1179 Othone
1654 1153 1753 1180 contra
1772 1151 1809 1181 li-

1099 1189 1240 1220 bertatem
1258 1189 1368 1220 Eccles.
1386 1191 1524 1221 infirmat:
1538 1208 1577 1215 ——
1596 1193 1635 1222 Ac
1652 1195 1808 1234 praecipue

1099 1235 1274 1264 sententiam
1293 1240 1393 1265 contra
1412 1235 1575 1266 Cumanum
1594 1237 1685 1276 episc.
1700 1238 1736 1268 ab
1755 1248 1808 1269 eo·

1099 1279 1163 1308 dem
1189 1278 1286 1308 latam.

1059 1347 1230 1376 Innocentius
1272 1348 1415 1385 episcopus
1449 1355 1544 1378 servus
1582 1357 1721 1380 servorum
1749 1351 1810 1386 Dat,

1105 1396 1229 1432 episcopo
1266 1397 1440 1430 Taurinensi,
1468 1398 1498 1426 et
1525 1400 1684 1435 praeposito
1722 1400 1812 1430 sancti

1106 1445 1248 1474 Gaudentii
1268 1446 1448 1475 novariensis.

1110 1516 1201 1552 Sicut
1222 1530 1269 1561 ea,
1296 1530 1377 1564 quae
1403 1531 1419 1552 a
1447 1519 1611 1554 catholicis
1641 1528 1672 1554 et
1692 1520 1813 1557 devotis

1063 1566 1258 1614 principibus
1274 1566 1500 1602 rationabiliter
1513 1569 1709 1613 ordinantur,
1724 1570 1812 1605 firma

1063 1615 1180 1650 debent
1215 1624 1245 1650 et
1272 1616 1385 1651 illibata
1408 1617 1537 1657 servari,
1568 1618 1614 1652 sic
1651 1630 1698 1662 ea,
1732 1631 1813 1666 quae

1062 1677 1078 1700 a
1107 1665 1234 1712 perfidis
1271 1666 1410 1713 tyrannis
1446 1666 1588 1713 improbe
1620 1674 1811 1708 statuuntur,

1064 1714 1116 1749 illo
1143 1714 1278 1749 maxime
1306 1724 1460 1762 tempore,
1494 1728 1558 1762 quo
1590 1718 1812 1751 excommuni-

1064 1764 1195 1798 cationis
1217 1764 1341 1800 vinculo
1364 1774 1510 1800 tenentur
1542 1765 1670 1806 astricti,
1706 1778 1810 1801 carere

1064 1813 1180 1848 debent
1204 1812 1315 1849 robore
1345 1814 1512 1856 firmitatis„
1540 1828 1611 1850 cunt
1648 1816 1726 1851 tales
1766 1815 1811 1849 le-

1064 1863 1171 1909 gitime
1210 1872 1366 1910 nequeant
1406 1865 1632 1900 iurisdictionis
1673 1866 1809 1901 officium

1064 1924 1209 1947 exercere
1244 1913 1283 1947 ab
1330 1913 1448 1948 unitate
1486 1913 1627 1949 fidelium
1665 1916 1811 1962 separati.

1065 1961 1146 1997 Cum
1170 1962 1266 2008 igitur
1292 1961 1377 1997 Otho
1401 1975 1462 1997 non
1505 1964 1563 1998 iam
1599 1964 1813 2000 nominandus

1066 2011 1246 2058 imperator,
1268 2012 1322 2046 sed
1361 2012 1478 2058 impius
1517 2022 1714 2060 persecutor,
1741 2026 1811 2049 cum

1066 2060 1240 2095 fautoribus
1276 2061 1486 2096 anathematis
1519 2063 1560 2096 sit
1604 2063 1731 2098 vim-uto
1764 2064 1814 2098 in-

1067 2109 1212 2154 nodatus,
1239 2118 1269 2144 et
1291 2122 1307 2144 a
1330 2110 1435 2145 debito
1456 2110 1615 2146 fidelitatis
1641 2112 1741 2158 ipsius
1757 2112 1813 2146 ab·

1065 2159 1158 2193 soluti
1203 2159 1265 2193 sint
1296 2159 1452 2204 universi,
1485 2172 1543 2194 nos
1576 2161 1695 2205 omnia,
1734 2173 1813 2208 quae

1101 2238 1139 2273 (l)
1157 2237 1290 2272 Scriptum
1307 2241 1347 2264 est
1362 2238 1476 2272 capitulo
1487 2238 1659 2273 strigoniensi
1671 2247 1752 2273 super
1764 2239 1814 2267 hoc

1065 2278 1090 2303 in
1106 2277 1229 2304 eumdem
1246 2277 1299 2304 fere
1312 2277 1430 2309 modum,
1446 2278 1577 2305 videlicet:
1590 2278 1751 2306 Venerabilis
1762 2279 1813 2306 sra-

1067 2320 1105 2343 ter
1122 2322 1212 2344 noster
1228 2316 1442 2351 Vesprumiensis
1452 2318 1592 2352 episcopus
1608 2319 1632 2344 in
1650 2322 1738 2345 nostra
1752 2327 1813 2354 pro-

1066 2357 1154 2391 posuit
1170 2357 1317 2391 praesentia
1336 2357 1507 2388 constitutus,
1524 2357 1596 2392 quod
1616 2366 1676 2384 cum
1702 2358 1735 2385 de
1751 2367 1814 2394 pace

1067 2399 1195 2430 perpetuo
1223 2395 1363 2422 statuenda
1391 2401 1451 2427 eta,
1479 2405 1559 2429 usque
1582 2404 1633 2424 non
1663 2398 1813 2432 potuimus.

1066 2434 1134 2460 sicut
1152 2441 1198 2460 nec
1216 2434 1358 2461 debuimus
1372 2434 1541 2461 confirmare.

1103 2473 1130 2498 ln
1146 2472 1269 2499 eumdem
1287 2473 1340 2499 sere
1359 2474 1466 2500 modum
1492 2474 1620 2509 scriptum
1646 2478 1686 2501 est
1710 2476 1813 2511 Strigo-

1067 2512 1148 2539 niensi
1164 2512 1371 2547 archiepiscopo:
1391 2513 1551 2540 Venerabilis
1567 2514 1646 2541 frater
1664 2520 1752 2543 noster
1764 2517 1815 2544 Ve-

1066 2552 1240 2586 sprumiensis
1255 2552 1395 2587 episcopus
1415 2553 1438 2579 in
1457 2557 1545 2580 nostra
1572 2556 1710 2589 proposuit
1734 2564 1813 2591 prae-

1067 2592 1149 2618 sentia
1166 2592 1336 2623 constitutus,
1353 2592 1423 2627 quod
1442 2600 1499 2619 cum
1519 2593 1552 2620 do
1572 2601 1634 2628 pace
1658 2598 1719 2626 σία,
1735 2604 1816 2629 usque

1068 2638 1114 2657 nec
1130 2630 1271 2658 debuimus
1286 2631 1454 2659 confirmare.
1493 2633 1532 2666 (ᾖ)
1549 2632 1587 2660 Ex
1600 2633 1699 2667 Baluz.,
1712 2634 1813 2666 tib.xv.

1067 2670 1143 2705 Epist
1174 2670 1216 2696 3l.

1816 314 1868 343 An·
1882 314 1912 342 C.
1932 315 1998 342 ¹213

1852 1530 1926 1554 Prooen
1936 1530 1984 1553 tum.
