2129 3223
52 219 102 250 An.
121 219 149 246 C.
169 220 235 246 teat)

248 282 309 315 tur,
347 274 376 308 in
419 284 482 320 qno
516 270 731 318 deliquerint,
765 269 859 310 alias,
901 275 992 317 prout

247 323 358 370 culpae
379 322 512 369 qualitas
533 320 689 367 exegerit,
716 318 877 367 puniendi.

295 370 521 418 Agricultores,
562 378 594 405 et
635 370 716 404 circa
758 369 991 404 rusticationem

63 427 233 477 sfvurssmtrt·
247 421 403 469 occupati,
425 420 498 455 dum
528 418 608 454 villis
630 419 779 459 insident,
798 418 873 453 dum
903 430 994 464 agros

51 461 160 479 mmm
247 470 366 510 colunt,
388 469 490 505 securi
512 469 575 503 sint
596 480 798 516 quacumque
821 477 907 515 parte
936 476 993 502 ter-

247 532 363 562 rarum;
387 519 462 554 itaut
479 518 585 554 nullus
602 518 778 554 inveniatur
796 526 855 552 tani
879 517 993 558 audax,

245 569 299 617 qui
321 581 483 617 personas,
510 568 557 604 vel
575 568 683 609 boves,
704 579 852 616 agrorum
877 568 993 601 instru-

246 626 364 664 menta,
385 626 439 654 aut
464 619 489 654 si
509 617 587 666 quid
604 617 686 653 aliud
699 618 748 658 sit,
763 617 848 664 quod
863 616 902 652 ad
916 629 994 664 ope-

247 681 311 704 ram
329 669 505 704 rusticalem
529 668 676 715 pertinet,
695 667 852 710 invadere,
881 678 993 714 capere

246 727 299 754 aut
319 718 471 754 violenter
491 717 614 753 auterre
636 725 825 764 praesumat.
851 715 885 751 Si
922 715 994 763 quis

247 776 350 804 autem
378 766 560 803 huiusmodi
592 775 742 802 statutum
778 778 854 800 ausu
893 774 994 801 teme·-

247 817 328 853 rario
344 817 461 853 violare
488 816 746 865 praesumpserit,
779 816 809 849 in
852 815 994 863 quadru-

247 867 334 915 plum
360 866 461 903 ablata
487 866 640 906 restituat,
664 865 825 901 infamiam
846 866 912 912 ipso
927 865 994 899 iure

247 919 388 952 incurrat
413 916 567 964 imperiali
589 914 861 951 animadversione
883 913 995 949 nihilo-

247 966 353 1002 minus
373 964 564 1014 puniendus.

592 1150 641 1185 lL.

253 1229 456 1262 Comminatio
473 1239 644 1272 poenarum
660 1234 768 1262 contra
796 1227 911 1261 Daciae
947 1239 995 1260 re-

297 1290 394 1322 ynum
410 1278 598 1315 invadentes,
620 1277 839 1321 perturbantes,
876 1277 997 1321 eiusque

297 1329 369 1362 iura
395 1335 499 1361 temere
521 1333 700 1371 usurpantes
727 1328 781 1370 (l),

517 1399 731 1430 SUMMARIUM

249 1466 355 1498 Daciae
376 1475 499 1506 regnum
522 1466 596 1497 iuris
616 1465 645 1497 S.
667 1465 701 1496 R.
718 1465 749 1496 E.
766 1482 803 1490 --
821 1466 997 1498 Anathema-

290 1511 414 1542 tizantur
435 1511 566 1542 eiusdem
586 1510 815 1550 perturbatores.

250 1583 379 1612 Honorius
406 1582 548 1618 episcopus
575 1589 669 1611 servus
693 1589 832 1613 servorum
860 1584 915 1618 Dei.
936 1586 997 1614 clia·

292 1632 410 1662 tissimis
428 1633 456 1661 in
476 1632 585 1661 christo
603 1632 668 1661 filiis
695 1633 850 1662 illustribus
872 1635 997 1670 regibus.

294 1682 324 1711 et
342 1681 453 1711 dilectis
469 1682 534 1711 titiis
557 1682 734 1719 principibus,
754 1685 784 1713 et
802 1685 935 1714 universis
952 1685 999 1714 Dei
1016 1672 1021 1684 ⁵

293 1730 417 1760 fidelibus
439 1738 523 1768 regno
541 1731 638 1760 Daciae
661 1732 863 1768 circumpositis
882 1733 997 1763 catholi-

295 1787 355 1810 cam
381 1781 555 1810 servantibus
572 1782 719 1815 unitatem,
744 1781 862 1811 salutem
881 1783 910 1811 et
935 1789 998 1818 epo·

295 1829 423 1859 stolicam
441 1830 662 1859 benedictionem.

198 1942 201 1944 -
301 1893 427 1936 Quanto
448 1894 614 1941 specialius
640 1906 769 1940 regnum
808 1894 922 1930 Daciae
959 1895 998 1931 ad

65 1949 240 2001 ⁰³·⁹⁵⁴¹s⁸'1i⁸¹¹ii¹m
254 1943 414 1978 Ecclesiae
443 1943 603 1987 Romanae
636 1943 775 1978 noscitur
809 1945 999 1980 iurisdictio-

59 1986 111 2003 '“¹¹⁸
140 1995 145 2000 '
179 1994 184 2000 ’
218 1994 221 1998 ”
255 2004 326 2028 nem
349 2000 503 2040 spectare,
531 2000 617 2027 tanto
656 1993 692 2027 ad
730 1995 998 2030 conservationem

255 2044 324 2078 eius
350 2043 545 2090 propensiori
573 2041 679 2076 studio
702 2043 853 2079 debemus
891 2044 999 2080 inten-

255 2091 341 2128 dere.
363 2091 446 2134 Quia
475 2103 536 2126 non
575 2091 731 2129 immerito
760 2094 856 2129 multa
892 2106 999 2142 repre-

256 2141 410 2177 hensione
437 2140 522 2187 digni
563 2141 693 2176 existere
732 2142 934 2188 videremur,
973 2145 997 2178 si

255 2190 340 2238 quod
361 2199 409 2226 est
424 2191 503 2226 iuris
524 2189 684 2225 Ecclesiae
710 2191 871 2227 Romanae
911 2201 999 2240 pate—

257 2251 364 2276 remur
397 2241 552 2285 imminui,
586 2240 633 2274 vel
675 2240 803 2276 turbari.
844 2242 919 2277 lnde
954 2251 1001 2277 est

235 2311 237 2313 ·
256 2290 340 2335 quod
355 2289 393 2325 ad
415 2289 575 2337 exemplar
597 2289 697 2325 felicis
723 2292 892 2327 memoriae
925 2292 1000 2327 Ale-

62 2343 245 2395 fflflthefflgffi
258 2339 365 2374 xandri
387 2348 418 2374 et
442 2339 616 2374 Innocentii
647 2340 922 2388 praedecessorum
949 2354 1002 2376 no-

63 2404 231 2433 penurunores.
258 2396 393 2424 strorum
427 2388 642 2424 Romanorum
682 2388 870 2425 Pontificum
913 2391 1002 2426 vobis

259 2438 407 2474 omnibus
428 2438 488 2474 sub
514 2438 765 2475 interminatione
795 2440 1001 2476 anathematis

258 2488 372 2523 arctius
393 2487 584 2532 inhibemus,
608 2501 646 2524 ne
667 2488 739 2536 quis
772 2490 999 2538 praescriptum

260 2548 389 2583 regnum
413 2538 559 2573 invadere
584 2538 630 2573 vel
658 2537 783 2575 turbare
810 2547 1000 2585 praesumat,

295 2606 335 2642 (t)
350 2607 389 2634 Ex
404 2608 510 2643 Regest.
526 2607 607 2635 Vatic.

357 2652 431 2683 Bult.
448 2652 525 2682 Rom.
550 2652 604 2682 Vol.
624 2653 672 2682 III.
841 2654 874 2683 28

870 212 1034 236 flONORlUS
1055 212 1091 235 lu
1115 212 1164 234 91².

1663 198 1729 230 577

1034 276 1087 302 aut
1126 269 1190 303 iura
1202 266 1373 302 charissimi
1387 267 1439 301 filii
1456 265 1551 301 nostri
1569 264 1698 300 illustris
1717 262 1780 298 Da-

1036 329 1144 352 norum
1171 317 1264 363 regis,
1292 317 1336 351 vel
1364 316 1532 352 haeredum
1565 325 1692 350 suorum
1721 313 1781 347 mi-

1035 379 1131 402 nuere
1143 367 1266 408 audeat,
1289 367 1334 401 vel
1352 367 1410 401 sibi
1433 364 1671 414 quomodolibet
1689 375 1781 398 usur-

1037 428 1119 464 pare.
1140 416 1229 464 Siqui
1250 425 1353 452 autem
1374 416 1466 451 huius
1486 424 1609 450 nostrae
1637 412 1782 461 prohibi-

1036 467 1129 502 tionis
1156 474 1404 513 transgressores
1435 464 1604 504 extiterint,
1637 463 1782 510 indigna-

1036 518 1151 552 tionem
1179 526 1315 552 nostram
1338 524 1369 551 et
1390 515 1549 550 Ecclesiae
1570 513 1731 551 Romanae
1749 523 1781 546 se

1035 566 1178 602 noverint
1200 567 1400 606 incursuros,
1428 574 1458 599 et
1482 564 1686 599 anathematis
1713 563 1781 596 vin-

1035 616 1105 652 culo
1127 615 1295 651 feriendos.

1084 666 1198 701 Datum
1220 664 1365 701 Laterani
1387 663 1601 700 sextodecimo
1635 660 1783 698 kalendas

1036 715 1221 760 decembris,
1244 714 1443 763 pontificatus
1465 713 1562 748 nostri
1585 725 1635 748 an.
1658 711 1780 759 quinto.

1035 778 1095 809 Dat.
1118 778 1166 809 die
1181 777 1218 808 16
1237 775 1406 808 novembris
1434 774 1520 812 1220,
1539 773 1641 814 pontif.
1660 782 1736 804 anno
1757 780 1782 801 v.

1796 209 1834 234 An
1865 206 1892 232 C.
1910 207 1977 233 1220

1345 849 1457 859 --..-.

1379 937 1416 972 L.

1036 1018 1213 1062 Infeudatio
1234 1015 1439 1061 quorumdam
1466 1015 1600 1048 locorum
1632 1013 1669 1045 de
1703 1018 1785 1045 terra

1084 1067 1253 1101 comitissae
1284 1064 1443 1098 Maenadis
1464 1065 1569 1109 favore
1595 1062 1713 1095 comitis
1748 1061 1785 1094 de

1085 1117 1246 1162 Manyono
1271 1115 1325 1149 sub
1351 1126 1455 1148 annuo
1479 1124 1569 1146 censu
1590 1112 1681 1145 unius
1704 1116 1785 1144 astw

1084 1167 1127 1200 ris
1151 1173 1177 1201 et
1203 1167 1334 1200 duorum
1379 1164 1574 1200 braccarum,
1616 1161 1702 1195 salvo
1737 1166 1785 1192 ta-

1084 1228 1152 1249 men
1171 1215 1378 1249 Ecclesiarum
1398 1214 1464 1246 iure
1485 1212 1538 1255 (1).

1302 1289 1516 1323 SUMMARIUM

1036 1360 1112 1393 Lora
1133 1361 1233 1392 comiti
1261 1359 1422 1393 infeudata.
1440 1366 1492 1398 pro
1510 1355 1619 1398 quibus
1642 1353 1786 1395 praestitit

1077 1408 1284 1438 iuramentum.
1303 1420 1341 1427 —
1362 1403 1485 1434 Census.

1036 1470 1167 1513 nonanus
1186 1481 1327 1519 episcopus
1344 1486 1439 1509 servus
1459 1483 1599 1508 servorum
1610 1475 1666 1510 Dei.
1685 1474 1786 1505 dilecto

1081 1533 1138 1563 illio
1156 1532 1241 1562 nobili
1257 1532 1316 1561 viro
1334 1530 1444 1559 Alberto
1472 1527 1565 1556 comiti
1593 1527 1625 1555 de
1644 1525 1785 1562 mangone.

1083 1584 1203 1613 satutem
1222 1583 1252 1611 et
1270 1580 1448 1618 apostoticam
1465 1577 1688 1608 benedictionem.

1088 1656 1136 1692 Ad
1154 1666 1354 1691 communem
1380 1651 1521 1687 notitiam
1550 1649 1698 1685 volumus
1712 1658 1983 1712 per‘‹{§g“,⁶⁰”¹{‚²³³¹¹f

1850 1700 1860 1711 a
1872 1698 1916 1718 o,pr
1939 1698 1984 1718 qut-

1041 1707 1157 1751 renire,
1179 1704 1261 1753 quod
1297 1703 1456 1738 fidelitatis
1494 1713 1510 1735 a
1544 1709 1573 1735 te
1608 1700 1784 1734 iuramento
1800 1722 1837 1743 ,ως
1875 1723 1982 1748 mmmm

1041 1766 1163 1803 recepto
1184 1767 1238 1801 pro
1265 1753 1360 1788 Terra
1382 1751 1517 1792 Vallesc,
1558 1749 1661 1784 Rocca
1696 1746 1785 1782 Gon-
1801 1752 1947 1774 ‘uramentum

1041 1807 1138 1850 lienti,
1171 1803 1354 1847 Monticelli,
1392 1802 1497 1848 Burgi,
1532 1799 1693 1845 Ebrigaza,
1732 1794 1787 1830 Pi-

1040 1855 1149 1900 dierla,
1171 1854 1257 1894 Casi,
1279 1852 1384 1888 Rocca
1414 1851 1453 1886 de
1492 1849 1583 1890 Vico,
1621 1846 1785 1884 Castirola.

1039 1904 1206 1951 Limango,
1232 1902 1339 1944 Greta,
1362 1901 1509 1940 Mocono,
1533 1898 1684 1939 Palliano,
1699 1896 1787 1932 Mou-

1042 1954 1155 1999 ticello,
1175 1953 1306 1989 Fossato
1318 1951 1421 1996 Torri,
1449 1949 1535 1985 Baeti
1559 1957 1589 1983 et
1607 1948 1785 1995 Savignano

1040 2016 1112 2039 cum
1134 2003 1283 2039 omnibus
1305 2014 1412 2037 earum
1444 1999 1641 2048 pertinentiis
1656 2024 1665 2039 ,
1706 2005 1786 2044 quae

1041 2054 1155 2089 luerint
1177 2053 1216 2088 de
1246 2062 1325 2087 terra
1356 2051 1457 2086 clarae
1487 2048 1658 2084 memoriae
1686 2047 1785 2081 comi-

1042 2104 1133 2139 tissae
1154 2102 1323 2145 Mathildis,
1350 2109 1380 2135 et
1407 2111 1489 2147 quae
1512 2106 1597 2146 pater
1628 2106 1700 2132 tuus
1729 2107 1785 2130 no-

1041 2155 1137 2188 scitur
1159 2152 1310 2195 tenuisse,
1332 2159 1361 2185 te
1382 2150 1420 2184 de
1450 2149 1578 2184 fratrum
1606 2156 1783 2180 nostrorum

1042 2202 1176 2237 consilio
1203 2210 1233 2235 et
1259 2212 1414 2236 consensu
1438 2198 1654 2233 investivimus
1672 2195 1711 2230 de
1729 2194 1785 2228 eis-

1041 2252 1111 2287 dem
1141 2251 1230 2286 nobis
1251 2250 1290 2285 de
1312 2248 1463 2296 imperiali
1498 2247 1654 2282 voluntate
1688 2243 1784 2278 libere

1042 2302 1203 2344 restitutis,
1226 2311 1262 2335 ea
1286 2300 1317 2333 in
1340 2299 1469 2333 feudum
1493 2296 1559 2334 tibi,
1584 2295 1708 2342 tuisque
1739 2292 1785 2328 le-

1041 2351 1159 2398 gitimis
1183 2349 1372 2384 haeredibus
1399 2343 1785 2390 concedendo,Ecclesia-

1044 2413 1110 2435 rum
1134 2400 1277 2434 omnium
1306 2399 1373 2432 iure
1400 2397 1484 2432 salvo
1500 2410 1508 2437 3
1527 2395 1661 2442 singulis
1681 2402 1784 2428 autem
1847 2399 1899 2420 tem

1043 2450 1133 2485 annis
1161 2448 1253 2483 nobis
1286 2456 1317 2483 et
1344 2446 1581 2482 successoribus
1602 2443 1717 2479 nostris
1735 2442 1787 2478 da-

1043 2499 1091 2534 bis
1112 2510 1211 2534 unum
1245 2506 1383 2533 asturem
1417 2506 1446 2532 et
1481 2495 1562 2531 duos
1595 2494 1723 2529 braccos
1754 2492 1784 2527 in

1044 2548 1128 2584 teudi
1163 2548 1407 2594 recognitionem
1447 2545 1611 2594 praedicti,
1651 2551 1682 2578 et
1715 2553 1787 2577 cum

1079 2615 1116 2649 (t)
1137 2613 1175 2641 Ex
1192 2613 1296 2650 Regest
1317 2613 1400 2641 Vatic.
