2129 3223
46 291 93 317 An.
112 290 140 317 C.
158 291 223 318 §⁹265

44 835 123 859 statuta
158 846 213 861 uon-

31 868 94 889 nulla.

873 293 1016 316 CLEMENS
1038 293 1070 315 ΙΥ
1092 293 1141 316 PP-

1655 287 1726 320 733

1791 298 1841 325 An.
1860 299 1972 327 01265

239 345 370 381 idoneos
408 345 578 380 extimabit.
621 345 661 380 Ut
688 353 791 380 autem
833 346 983 393 praedicti
1026 359 1106 387 rum,
1130 348 1342 395 praecipimus
1365 348 1558 396 praedictum
1583 350 1770 386 Cistercien.
1799 360 1829 382 De
1849 363 1970 384 visit-tione

237 392 437 435 Cistercien.,
476 401 506 429 et
548 402 683 441 quatuor
727 395 818 441 primi
857 395 984 430 abbates
1025 396 1250 431 monasterium
1279 397 1317 432 ab
1344 398 1462 433 eisdem
1497 399 1610 445 primis
1636 409 1772 447 quatuor

239 441 339 478 Deum
359 442 510 478 habentes
525 454 597 490 prae
610 443 722 486 oculis,
735 444 806 478 odio
823 451 852 478 et
864 456 982 486 amore,

235 505 270 527 ac
308 504 511 539 personarum
558 500 741 539 acceptione
775 494 980 540 postpositis,

235 541 314 576 bona
347 541 407 576 fide
440 540 624 588 procedant,
656 553 773 588 eosque
808 543 860 589 qui
896 555 981 578 nune

233 598 318 634 suut,
345 598 375 625 et
407 590 529 625 futuros
561 590 592 624 in
617 598 810 637 postremum
841 591 878 625 ad
903 592 979 627 llaec

233 638 367 675 fideliter
388 638 594 679 observanda,
616 639 676 673 sub
697 640 895 674 attestatione
923 641 978 675 di-

233 689 293 722 vini
318 688 425 724 iudicii
459 696 488 722 et
511 689 540 722 in
564 689 677 723 virtute
700 688 897 724 obedientiae
933 690 977 724 Α-

231 738 400 783 postolicae
421 737 495 772 Sedi
518 737 641 772 debitae
663 737 851 784 obligamus.

278 790 293 830 §
321 788 352 821 9.
387 786 580 821 Ordinantes
614 794 645 820 et
677 794 851 821 statuentes
890 789 973 834 quod

229 834 348 870 litterae
370 836 484 870 missae
511 836 647 881 capitulo
674 836 822 881 generali,
859 849 975 883 perso-

229 896 285 919 nae
301 884 459 931 infamiam
479 885 688 926 continentes,
705 885 845 931 legantur
867 898 971 921 coram

226 932 446 968 definitoribus
469 933 589 968 ordinis
616 934 798 980 supradicti.

272 986 288 1026 g
312 984 368 1018 10.
407 982 448 1017 Et
478 982 562 1029 quod
580 982 776 1017 iudicesdati
801 982 838 1017 ab
859 983 968 1018 eodem

223 1031 361 1079 capitulo
386 1043 448 1066 non
472 1030 678 1078 subdelegent
699 1031 767 1066 aliis
790 1033 874 1066 vices
885 1045 968 1067 suas.

270 1084 286 1124 ξ
309 1082 365 1114 11.
388 1079 581 1115 Definitores
602 1092 729 1127 quoque
752 1081 879 1127 capituli
907 1094 967 1116 uon

222 1138 419 1170 revocentur,
443 1137 564 1176 praeter
593 1129 781 1164 voluntatem
819 1130 968 1165 definito-

222 1190 303 1218 rum,
318 1179 348 1212 in
372 1178 441 1213 loco
463 1179 668 1213 residentium
693 1186 853 1214 consueto.

267 1230 283 1271 ἕ
307 1229 363 1262 12.
385 1226 507 1262 Statuta
530 1228 568 1262 de
592 1236 715 1262 caetero
739 1226 880 1262 facienda
903 1240 964 1263 non

218 1275 357 1320 obligent
380 1276 439 1310 nisi
475 1277 505 1311 in
540 1276 702 1324 sequentis
727 1277 800 1311 anni
828 1277 965 1323 capitulo

217 1325 456 1361 confirmentur.

265 1377 281 1418 5
304 1377 359 1410 15.
388 1374 427 1409 Et
449 1385 504 1422 per
526 1374 709 1409 definitores
731 1374 806 1408 nihil
831 1374 963 1409 desinia-

216 1430 266 1457 tur
293 1424 380 1471 prius
407 1424 437 1458 in
461 1424 599 1469 capitulo
624 1435 684 1457 non
712 1430 865 1457 notatum.
896 1423 963 1459 Ste-

216 1480 266 1507 tur
286 1472 459 1507 sententiae
476 1472 601 1506 maioris
616 1472 713 1519 partis
728 1484 848 1506 eornm.
866 1472 962 1507 Cum-

214 1532 278 1568 que
290 1522 428 1569 ipsorum
440 1521 632 1555 senteutiain
653 1520 807 1556 discordia
831 1523 959 1564 venerit,

213 1569 311 1605 abbas
335 1570 478 1605 Cistercii
506 1569 699 1616 reputabitur
732 1582 788 1617 pro
822 1569 957 1606 duobus.

260 1622 276 1663 ἕ
300 1621 355 1654 14.
378 1619 569 1655 Definitores
590 1630 665 1654 vero
687 1619 837 1654 nominati
859 1627 959 1666 prote·

212 1668 379 1703 stabuntur
400 1668 431 1703 in
454 1666 603 1715 capitulo,
634 1668 758 1712 stando,
786 1680 840 1715 per
866 1668 957 1703 iura-

213 1725 353 1752 mentum
371 1717 402 1752 in
426 1717 521 1752 verbo
542 1717 726 1760 sacerdotis,
748 1717 830 1763 quod
852 1717 958 1751 iniun-

211 1773 295 1801 ctum
323 1765 383 1800 sibi
415 1766 625 1800 ministerium
653 1766 689 1800 ad
720 1765 871 1800 bonorem
898 1766 955 1800 Dei

211 1824 240 1848 et
267 1814 431 1849 utilitatem
455 1815 529 1849 dicti
565 1814 686 1849 ordinis
721 1813 855 1849 fideliter
884 1827 956 1850 exe-

210 1871 358 1910 quentur.

258 1916 274 1956 5
297 1914 353 1947 15.
386 1912 454 1946 Hoc
481 1912 573 1945 etiam
597 1912 663 1958 ipse
690 1911 787 1946 abbas
821 1912 954 1948 Cisterc.

209 1962 350 1996 sedendo
373 1961 474 1995 facere
497 1969 649 1995 teneatur.

258 2014 274 2054 g
303 2013 358 2045 16.
393 2010 440 2044 De
466 2009 614 2044 notandis
647 2017 749 2044 autem
786 2010 846 2053 his,
875 2023 955 2058 quae

209 2068 317 2094 contra
340 2066 546 2094 memoratum
570 2058 711 2093 abbatem
736 2057 879 2093 Cistercii
907 2061 956 2094 di-

210 2116 257 2142 cta
289 2108 403 2143 suerint
439 2108 469 2141 in
497 2107 646 2154 capitulo,
674 2108 714 2142 ita
738 2108 789 2142 fiat
820 2109 900 2143 sicut
924 2110 953 2143 in

210 2169 282 2192 casu
310 2156 465 2192 consimili
492 2155 531 2190 de
552 2155 612 2190 alio
637 2164 805 2190 notaretur.

259 2210 274 2249 ἓ
304 2208 358 2240 17.
395 2205 620 2252 Eleemosynae
656 2217 738 2249 vero,
765 2218 845 2252 quae
881 2207 955 2240 mit-

211 2262 317 2289 tuntur
339 2253 477 2301 capitulo
504 2253 654 2299 generali,
677 2255 868 2301 recipiantur
901 2268 956 2301 per

210 2303 290 2338 duos
310 2302 450 2343 abbates,
473 2314 606 2349 quorum
625 2314 705 2337 unus
728 2315 783 2349 per
805 2304 952 2338 eumdem

209 2352 352 2387 abbatem
372 2351 530 2388 Cistercii,
552 2359 581 2384 et
604 2350 685 2385 alius
703 2363 758 2398 per
781 2353 955 2399 praedictos

209 2401 328 2447 primos
346 2409 482 2448 quatuor
496 2399 625 2434 abbates
647 2409 803 2445 ponantur
824 2402 863 2436 de
884 2414 955 2436 cae-

211 2457 275 2485 tero
296 2449 483 2489 alternatim,
503 2449 544 2484 ita
562 2448 646 2495 quod
669 2448 801 2495 quilibet
823 2450 861 2484 de
880 2450 955 2497 ipsis

209 2497 297 2533 illum
334 2507 430 2546 ponat
468 2497 643 2532 secundum
684 2509 776 2532 suum
812 2499 954 2534 ordinem

209 2559 276 2582 vice
296 2559 365 2582 sua.

257 2599 273 2640 ἓ
302 2597 357 2630 18.
380 2595 524 2643 Denique
552 2607 589 2629 ne
612 2595 642 2629 in
666 2594 775 2630 ordine
796 2595 955 2642 praedicto

209 2644 332 2691 aliquae
355 2645 475 2687 possint
502 2645 611 2692 spinae
638 2643 840 2679 subcrescere
864 2645 955 2679 vitio-

1023 444 1190 480 abbatibus
1224 446 1314 480 annis
1336 447 1469 493 singulis
1498 448 1626 483 visitari.
1647 449 1688 484 Et
1710 451 1768 485 nisi

1022 493 1061 528 de
1098 494 1159 529 alio
1199 494 1249 529 die
1290 495 1385 530 abbas
1424 495 1571 531 Cistercii
1610 510 1682 533 curn
1722 500 1768 535 eis

1021 544 1215 584 convenerit,
1238 544 1268 578 in
1300 544 1380 579 sesto
1402 545 1438 579 B.
1462 546 1577 582 Mariae
1604 547 1768 593 Magdale-

1021 604 1077 626 nae
1112 593 1164 627 liat
1203 592 1381 628 huiusmodi
1420 594 1553 630 visitatio
1588 597 1762 632 annuatim.

1019 641 1084 676 Nec
1116 642 1200 676 dicto
1227 642 1328 676 abbati
1360 642 1504 678 Cistercii
1539 644 1621 679 diem
1644 654 1764 682 mutare

1017 690 1192 725 condictam
1214 693 1257 734 (1)
1282 692 1349 726 sinc
1364 704 1456 727 causa
1472 693 1689 729 rationabiliet
1704 708 1761 730 ur-

1016 748 1121 784 gente,
1149 752 1241 787 quam
1256 743 1300 784 (2)
1319 741 1343 774 si
1359 743 1386 775 ei
1400 742 1625 788 supervenerit,
1642 743 1761 779 intimet

1015 788 1133 823 eisdem
1158 789 1266 835 primis
1288 797 1423 836 quatuor
1443 790 1610 826 abbatibus
1633 792 1663 826 in
1686 800 1762 828 tem-

1016 849 1089 883 pore
1103 845 1294 884 opportuno,
1316 851 1370 885 per
1391 851 1424 873 se
1445 839 1488 873 vel
1521 852 1576 886 per
1597 842 1760 887 nuncium,

1013 897 1084 920 cum
1108 899 1171 934 quo
1202 887 1295 922 iidem
1322 887 1451 922 abbates
1485 888 1523 923 de
1557 888 1609 924 die
1643 890 1759 925 subro-

1011 935 1110 980 ganda
1146 944 1276 971 tractare
1305 937 1425 972 valeant
1459 944 1490 972 et
1523 938 1617 973 etiam
1643 950 1759 975 conve-

1012 984 1090 1018 nire.
1130 985 1191 1026 Qui
1233 986 1257 1019 si
1297 997 1368 1020 cum
1409 986 1525 1021 nuncio
1565 988 1757 1024 concordare

1011 1034 1219 1080 nequiverint,
1247 1034 1373 1081 ipsimet
1400 1034 1481 1069 idem
1503 1042 1654 1081 statuant,
1692 1038 1757 1073 sive

1011 1083 1177 1117 terminum
1201 1090 1443 1129 competentem,
1467 1091 1497 1118 et
1519 1084 1621 1120 eidem
1651 1085 1754 1121 abbati

1009 1129 1151 1165 Cistercii
1168 1144 1223 1179 per
1244 1132 1390 1167 eumdem
1420 1132 1571 1168 nuncium
1588 1134 1635 1168 vel
1658 1134 1754 1170 alium

1008 1180 1163 1223 intiment,
1194 1190 1285 1227 prout
1313 1180 1445 1215 viderint
1472 1182 1631 1229 expedire.
1665 1183 1753 1226 Quae

1006 1230 1109 1263 omnia
1132 1229 1205 1264 dicti
1234 1230 1325 1276 primi
1357 1238 1493 1277 quatuor
1514 1231 1643 1267 abbates
1671 1232 1751 1268 bona

1007 1278 1066 1312 tide
1088 1286 1118 1312 et
1144 1278 1263 1326 absque
1285 1279 1386 1326 aliqua
1414 1279 1559 1326 captione
1581 1280 1682 1316 facere
1705 1290 1752 1317 te-

1004 1335 1148 1362 neantur.
1175 1327 1258 1362 Sane
1286 1339 1357 1362 cum
1382 1328 1530 1374 praedicti
1553 1337 1687 1376 quatuor
1700 1331 1752 1366 ab·

1004 1374 1091 1410 bates
1123 1376 1311 1410 Cistercium
1347 1376 1533 1421 visitabunt,
1566 1377 1695 1413 abbates
1721 1388 1758 1414 et

1004 1425 1148 1459 monachi
1188 1425 1264 1459 socii
1305 1425 1497 1459 visitatorum
1538 1426 1679 1473 ipsorum
1719 1429 1749 1462 in

1002 1473 1302 1519 proclamationibus
1323 1473 1489 1518 faciendis,
1515 1481 1577 1509 tam
1604 1475 1634 1510 in
1663 1477 1750 1524 capi-

1002 1522 1067 1556 tulo
1103 1522 1342 1563 monachorum,
1369 1535 1463 1570 quam
1491 1523 1585 1558 etiam
1618 1536 1750 1560 conver-

1000 1583 1118 1609 sorum.
1144 1583 1249 1606 vocem
1273 1571 1402 1606 liberam
1432 1571 1577 1615 babeant,
1599 1572 1671 1608 licet
1693 1574 1749 1609 ali-

1000 1619 1144 1667 quando,
1181 1629 1273 1667 prout
1307 1620 1442 1664 seretur,
1481 1621 1526 1655 eis
1563 1620 1657 1656 suerit
1690 1622 1747 1659 de—

999 1678 1119 1715 negata.

1786 393 1910 414 monasterti
1934 393 1970 414 Ci-

1785 424 1890 444 utercten.

1046 1722 1061 1761 g
1091 1720 1145 1751 19.
1171 1716 1203 1752 Si
1234 1718 1308 1764 quid
1337 1725 1441 1752 autem
1470 1718 1500 1752 in
1525 1731 1656 1765 persona
1683 1720 1745 1755 ab·
1773 1732 1943 1757 neeomenone

998 1766 1088 1805 baiis,
1119 1767 1163 1800 vel
1196 1767 1225 1800 in
1249 1767 1332 1806 aliis,
1359 1767 1389 1800 in
1413 1766 1523 1801 eodem
1554 1770 1744 1803 monasterio
1759 1764 1839 1786 ‘hm'
1860 1769 1941 1787 ‘'m'‘

998 1815 1187 1850 crediderint
1216 1816 1465 1857 reformandum,
1493 1816 1523 1850 id
1551 1816 1654 1851 eidem
1689 1818 1743 1852 ab-

999 1863 1059 1898 bati
1082 1872 1265 1911 suggerant,
1284 1865 1343 1899 boc
1364 1873 1411 1900 est
1429 1876 1500 1899 cum
1524 1865 1696 1901 reverentia
1714 1875 1744 1901 et

997 1912 1160 1948 honestate
1188 1913 1304 1953 dicant,
1331 1925 1366 1948 ac
1399 1926 1470 1948 eum
1504 1913 1641 1960 benigne
1669 1927 1744 1950 mo-

998 1971 1091 1997 neant
1109 1971 1139 1997 et
1166 1962 1344 2006 hortentur,
1366 1970 1400 1996 ut
1422 1962 1452 1997 id
1475 1964 1622 1998 emendet
1644 1963 1676 1998 iu
1698 1977 1742 2005 se,

996 2011 1043 2045 vel
1071 2012 1100 2045 in
1129 2011 1198 2046 aliis
1220 2011 1311 2046 faciat
1332 2011 1504 2046 emendari.
1528 2011 1623 2054 Quod
1650 2013 1674 2047 si
1699 2013 1743 2048 fa-

996 2072 1067 2094 cere
1094 2060 1172 2095 sorte
1197 2060 1331 2095 noluerit
1353 2060 1536 2105 insolenter,
1564 2060 1610 2096 vel
1640 2061 1742 2096 distu-

997 2109 1065 2142 lerit
1081 2110 1290 2156 negligenter,
1309 2117 1452 2144 servetur
1472 2109 1557 2157 quod
1581 2110 1610 2144 iu
1633 2111 1740 2145 eadem

996 2157 1163 2193 Charitatis
1184 2158 1299 2192 Charta
1321 2158 1500 2193 continetur
1511 2170 1670 2205 expresse.
1686 2159 1742 2194 Vi-

996 2207 1121 2247 delicet,
1146 2215 1178 2241 ut
1201 2207 1294 2242 iidem
1322 2216 1457 2254 quatuor
1482 2207 1573 2254 primi
1601 2207 1740 2249 abbates,

996 2255 1055 2289 sub
1077 2264 1270 2291 caeterorum
1307 2256 1455 2291 abbatum
1485 2255 1612 2290 nomine
1641 2269 1740 2303 usque

996 2312 1118 2350 quater,
1141 2313 1174 2339 ut
1201 2305 1374 2351 corrigatur
1396 2306 1475 2351 ipse,
1510 2311 1540 2338 et
1566 2305 1643 2339 alios
1663 2317 1740 2340 cor-

998 2353 1096 2398 rigere
1137 2362 1243 2397 curet,
1286 2353 1493 2393 admoneant;
1539 2360 1570 2387 et
1607 2362 1739 2393 caetera,

996 2414 1076 2447 quae
1098 2402 1137 2436 de
1160 2403 1228 2436 aliis
1254 2401 1419 2437 abbatibus
1440 2403 1468 2436 in
1492 2401 1601 2436 eadem
1624 2402 1739 2437 Charta

996 2450 1155 2491 dicuntur,
1195 2452 1220 2485 si
1257 2451 1486 2497 incorrigibiles
1524 2451 1739 2497 apparuerint.

996 2499 1075 2533 cirea
1106 2511 1177 2533 eum
1206 2499 1344 2533 studiose
1370 2499 1572 2546 adimpleant.
1599 2499 1740 2546 Excepto

997 2547 1080 2594 quod
1104 2549 1127 2582 si
1151 2556 1262 2594 sponte
1282 2548 1394 2583 cedere
1417 2548 1566 2591 noluerit,
1594 2560 1652 2584 nec
1677 2549 1740 2584 de-

997 2609 1125 2643 ponere,
1148 2608 1204 2631 nec
1235 2597 1413 2632 contumaci
1441 2596 1546 2631 dicere
1574 2596 1739 2632 anathema

1022 2657 1069 2692 ,(1)
1083 2656 1150 2683 Add.
1163 2656 1270 2683 forsitan
1281 2658 1366 2683 liceat.
1403 2657 1442 2691 (2)
1456 2657 1516 2692 Leg.
1529 2661 1653 2693 putamus
1662 2667 1739 2691 quae.

1758 1795 1873 1817 not-horum
