2129 3223
60 217 109 246 An.
126 215 155 244 C.
176 216 242 244 ¹2¹3

83 767 216 793 Etiamnum

83 798 168 820 luant·
182 797 221 819 Pe.

852 214 1043 238 tsxocsstht·
1048 215 1061 236 S
1082 214 1118 237 lit
1144 214 1189 236 ΡΞ).

256 272 318 307 Sed
341 281 371 307 et
394 271 454 306 boc
475 270 654 309 statuimus.
681 278 710 303 et
740 269 909 304 imiotabitt
929 283 1004 304 san—

255 322 360 357 ctione
393 320 578 356 auctoritate
622 317 791 365 apostolica
828 319 1003 359 firmamus,

256 379 288 406 ut
310 369 416 405 nullus
448 367 617 416 aliquando
645 369 673 402 in
698 367 856 415 praedicto
893 380 1004 402 mona-

254 419 348 454 sterio
369 418 408 454 de
432 418 502 452 aliis
530 417 706 456 monacbis
729 429 783 451 seu
807 417 1003 464 quibuscun—

254 479 316 525 que
341 468 485 502 eeclesiis
489 494 547 502 .....
581 466 679 502 abbas
683 493 740 501 .....
772 466 875 501 divina
911 478 1003 501 voca-

255 520 339 552 tione
359 516 457 552 abbas
472 516 598 563 praefati
615 515 795 551 monasterii
813 516 1002 570 pertransie-

255 567 306 607 rit,
328 574 357 601 et
380 566 580 601 resolutionis
607 574 731 609 tempus
763 564 882 599 adxent
876 573 935 605 rit
963 564 1002 598 dt

256 615 379 664 propria
401 627 527 662 semper
541 614 786 670 congregatione.
800 613 932 659 eligatur
946 614 1002 648 ab·

255 665 321 706 bas,
347 665 402 712 qui
428 664 468 699 ab
489 665 574 699 omni
580 690 636 698 .....

281 713 437 750 lohannes
446 713 615 761 episcopus
627 725 695 748 seri
702 725 736 746 us
748 724 816 746 sert
820 723 909 747 orum
930 711 1000 752 Dei,

257 763 430 798 Benedicto
442 761 588 809 religioso
605 761 708 796 abbati
725 762 905 796 monasterii
925 760 946 795 S
950 775 1001 796 .-iu

254 813 294 847 cti
323 811 463 848 Silvestri
485 812 524 846 de
546 809 734 849 Nonantula
762 818 792 843 et
826 811 855 844 in
888 809 998 844 eodem

255 860 423 897 venerabili
446 861 636 896 monasterio
649 861 678 893 in
697 867 920 906 perpetuum...
935 859 1001 893 Sal-

253 911 367 946 valoris
388 910 486 946 nostri
511 909 580 945 Iesu
603 908 720 944 Christi
753 909 908 954 pertinere
936 920 998 942 no—

252 967 396 1003 scuntur,
417 968 447 995 et
473 959 510 994 ad
545 958 745 994 stabilitatem
775 957 997 991 venerabilium

252 1008 393 1044 locorum
418 1008 603 1056 respiciunt,
619 1019 691 1042 cum
708 1018 821 1052 magno
844 1006 999 1040 sollicitu-

253 1057 338 1092 dinis
359 1057 464 1093 studio
503 1069 560 1092 nos
585 1056 733 1091 contenit
767 1055 934 1101 apostolica
969 1065 999 1090 et

254 1107 397 1142 rationali
419 1118 551 1142 censura
577 1117 765 1152 procura:re
788 1113 945 1151 qnatenus
961 1116 997 1138 ex

250 1155 312 1191 hoc
334 1157 424 1203 iuges
445 1156 547 1191 eidem
571 1154 768 1202 propitiatori
798 1162 905 1188 nostro
931 1153 998 1188 Do-

252 1205 339 1240 mino
363 1205 433 1241 Deo
454 1205 616 1240 efficacius
641 1203 773 1249 persulsi
794 1203 914 1250 possint
930 1214 999 1237 car-

251 1255 375 1290 minum
398 1253 520 1297 laudes,
540 1261 571 1289 et
593 1253 695 1289 nobis
712 1265 779 1299 qm,
801 1252 900 1286 licet
894 1263 998 1286 imme·

251 1303 314 1348 riti,
336 1303 440 1338 divina
462 1311 567 1338 tamen
589 1303 684 1349 gratia
703 1302 931 1347 praeveniente
950 1312 1000 1347 pa-

251 1352 376 1387 storalis
398 1352 561 1399 regiminis
583 1363 690 1385 euram
717 1350 869 1396 gerimus,
895 1350 998 1404 opima

252 1403 282 1436 in
296 1402 428 1437 sidereis
439 1401 565 1437 arcibus
581 1399 843 1435 remunerationis
862 1398 998 1446 praemia

251 1450 482 1486 adscribantur.
489 1449 798 1497 Igiturquiaconstat
813 1457 895 1482 tuam
908 1447 999 1482 nobis

253 1501 488 1547 religiositatem
508 1499 660 1534 detulisse
683 1506 884 1544 praeceptum
909 1509 999 1544 prae-

251 1549 428 1585 decessoris
454 1549 551 1584 nostri
579 1548 698 1583 domini
722 1547 864 1586 Adriani,
892 1555 921 1580 (t
949 1545 999 1579 lo-

251 1598 378 1644 bannis,
399 1599 465 1634 sive
492 1597 644 1646 Stephani
674 1596 862 1631 rexerendae
879 1607 999 1629 memo-

252 1648 316 1684 riae
336 1648 528 1684 Pontificum
556 1648 595 1681 de
624 1647 759 1693 praefato
792 1645 999 1685 monasterio,

252 1706 282 1732 et
303 1697 452 1733 omnibus
466 1697 493 1731 ei
518 1695 750 1751 pertinentibus
771 1694 848 1729 locis
874 1705 910 1727 ac
932 1706 1001 1740 pos-

252 1746 461 1791 sessionibus,
487 1758 567 1801 quae
596 1745 740 1792 petiistis,
768 1751 802 1777 ut
818 1755 873 1790 per
901 1743 998 1777 nostri

254 1795 406 1843 privilegii
434 1796 579 1842 paginam
607 1794 882 1829 confirmaremus:
918 1792 1001 1826 unde

254 1857 313 1880 nos
334 1844 484 1892 precibus
511 1843 623 1878 vestris
651 1843 804 1883 inclinati,
819 1849 849 1875 et
870 1853 885 1875 a
910 1853 1001 1887 prae·

254 1893 573 1941 sentiquartadeeima
585 1891 797 1927 indictionem
814 1899 1000 1938 perpetuum

255 1943 451 1991 praedictum
466 1941 689 1976 monasterium
705 1952 925 1976 suceessorum
937 1947 1001 1974 tuo

255 2004 325 2028 rum
351 1991 500 2027 abbatum
539 1990 657 2025 ditione
684 1998 714 2025 et
741 1997 896 2037 potestate
929 2000 1000 2023 cum

254 2040 407 2077 omnibus
433 2039 493 2075 sibi
521 2039 750 2086 pertinentibus
766 2038 1002 2078 confirmantes,

255 2089 484 2137 irrefragabili
478 2101 545 2124 iure
560 2088 761 2123 decernimus
777 2087 1002 2135 permanenda,

255 2139 338 2176 idest
360 2138 586 2174 monasterium
601 2136 708 2172 Sancti
731 2136 873 2171 Silvestii
889 2136 928 2170 de
943 2135 1005 2169 No-

255 2189 386 2225 ntmtula
409 2187 568 2224 territorio
596 2186 778 2221 Mutinensi.
802 2185 1005 2232 Quapropter

255 2239 439 2274 auctoritate
466 2236 548 2272 beati
571 2235 654 2270 Petri
681 2235 813 2282 apostoli
842 2236 924 2269 cuia
944 2233 1005 2268 Do-

258 2288 345 2323 mino
377 2287 445 2323 Deo
471 2293 580 2321 nostro
606 2284 766 2319 coelorum
793 2284 880 2330 regni
903 2283 1006 2317 elai-es

258 2337 388 2373 traditae
412 2344 499 2376 sunt,
528 2343 558 2370 et
593 2342 732 2381 potestas
765 2333 881 2380 ligandi
913 2341 1005 2379 atque

257 2385 402 2422 solvendi
429 2385 520 2421 coelo
542 2392 686 2429 terraque
714 2382 822 2417 tradita
849 2391 906 2421 est,
934 2394 1007 2428 pro-

258 2436 437 2483 mulgantes
453 2433 666 2473 decernimus,
681 2440 711 2467 et
726 2432 812 2466 firma
841 2430 1008 2466 stabilitate

259 2493 289 2519 et
315 2497 449 2520 censura
476 2483 657 2521 statuimus,
687 2488 719 2516 ut
746 2481 849 2528 ipsum
878 2492 1008 2514 venera-

259 2533 323 2569 bile
343 2533 573 2569 monasterium
602 2543 675 2565 eum
698 2528 846 2565 omnibus
872 2529 982 2563 locis.

261 2582 380 2623 fundis,
403 2583 495 2620 casis,
522 2580 698 2615 casalibus.
727 2578 889 2621 domibus,
917 2556 1010 2624 atque

344 2639 397 2668 Bul
415 2639 492 2668 Rom.
520 2638 575 2668 1⁹01.
598 2638 639 2666 ΙΙΙ
834 2635 870 2664 δ’ὁ

1673 204 1736 235 ‘28¹

1047 269 1183 311 familiis,
1211 269 1307 302 servis
1334 269 1554 315 originalibus,
1569 269 1728 316 simulque
1744 282 1792 304 re-

1046 318 1104 353 bus
1118 325 1147 352 et
1163 296 1428 364 possessionibus,
1453 331 1574 353 necnon
1593 319 1790 365 aquismolis

1044 367 1177 409 oliietis,
1206 367 1251 401 vel
1285 368 1433 414 quiaquid
1465 370 1494 402 in
1537 368 1790 423 quibuscumque

1045 415 1122 451 locis
1126 443 1185 450 .....
1210 415 1325 450 babere
1348 418 1392 451 5ϊΙ
1418 427 1522 452 tenere
1537 417 1669 451 videtur.
1694 416 1748 451 vet
1764 418 1788 452 si

1043 465 1118 512 quid
1144 467 1172 500 in
1209 473 1361 512 potestate
1389 466 1530 513 legaliter
1556 466 1706 502 donatum
1742 468 1787 502 vel

1045 515 1187 561 largitum
1212 514 1316 554 fuerit.
1339 524 1390 549 ¹aut
1419 516 1560 563 quolibet
1588 516 1680 550 modo
1709 518 1789 552 iuste

1043 564 1191 603 evenerit,
1219 573 1327 598 tenere
1349 574 1377 598 et
1408 566 1565 611 possidere
1592 566 1658 599 sine
1685 566 1788 612 quali-

1043 613 1093 648 bet
1114 614 1324 649 controversia
1349 616 1508 661 perpetuis
1529 615 1722 661 temporibus
1741 629 1788 650 va-

1043 663 1114 707 leat,
1140 671 1170 697 et
1194 662 1270 696 nulli
1300 675 1435 709 unquam
1464 664 1554 698 liceat
1581 676 1701 710 regum,
1719 667 1787 711 epi-

1042 723 1224 759 scoporum,
1239 711 1370 755 ducum,
1397 720 1427 747 et
1441 721 1581 748 actorum
1607 725 1717 758 parvae
1741 715 1785 748 vel

1042 773 1173 808 magnae
1195 773 1345 807 personae
1365 762 1394 795 in
1411 760 1568 808 praedicto
1586 764 1786 803 monasterio.

1043 810 1087 845 tel
1113 812 1143 844 in
1171 811 1217 844 eis
1238 823 1318 857 quae
1345 811 1448 846 eidem
1478 811 1670 846 monasterio
1697 813 1787 858 perti-

1041 871 1115 894 nere
1142 867 1316 894 noscuntur
1338 871 1530 906 quocunque
1551 859 1646 894 modo
1668 860 1787 895 incum-

1041 908 1114 943 bere
1119 935 1174 942 .....
1199 908 1390 943 invasionem
1418 909 1531 947 facere.
1549 917 1602 943 aut
1628 910 1785 956 quispiam

1040 957 1237 993 sacerdotum
1273 957 1390 992 ibidem
1421 966 1598 1005 praesumat
1624 959 1785 1002 accedere,

1041 1007 1087 1040 vel
1101 1007 1267 1041 missarum
1280 1006 1431 1042 solemnia
1446 1007 1615 1046 celebrare;
1633 1016 1663 1042 et
1683 1020 1787 1055 nequo

1040 1057 1219 1103 episcopus,
1246 1068 1349 1103 neque
1382 1056 1490 1096 abbas
1525 1057 1570 1090 vel
1593 1068 1711 1097 comes,
1733 1067 1786 1092 aut

1040 1105 1197 1151 quaelibet
1212 1117 1321 1151 magna
1337 1117 1493 1152 parvaque
1500 1117 1637 1159 *persona
1654 1107 1684 1140 in
1699 1119 1786 1153 prae-

1041 1154 1101 1189 fato
1129 1156 1331 1193 monasterio,
1356 1154 1400 1188 tel
1425 1168 1454 1188 in
1478 1155 1545 1189 eius
1561 1155 1647 1189 cellis
1665 1164 1785 1190 autec-

1040 1203 1144 1238 clesiis
1184 1204 1363 1238 mansiones
1392 1204 1504 1243 faeere,
1540 1211 1591 1237 aut
1631 1216 1785 1251 expensas

1040 1260 1197 1298 expetere,
1224 1260 1275 1286 aut
1290 1252 1418 1299 aliquod
1443 1265 1497 1299 per
1513 1261 1700 1299 potestatem
1723 1266 1786 1288 ser-

1040 1302 1163 1345 vitium,
1179 1309 1302 1348 praeter
1325 1302 1489 1347 peregrini,
1505 1309 1535 1335 et
1558 1302 1686 1348 legitimi
1716 1303 1787 1337 hos-

1042 1351 1132 1397 pites;
1159 1350 1214 1385 sed
1233 1363 1335 1397 neque
1354 1351 1546 1397 colloquium
1566 1351 1786 1398 qualecunque

1040 1407 1092 1434 aut
1115 1400 1262 1446 placitum
1292 1400 1323 1433 in
1354 1400 1423 1446 ipso
1452 1401 1652 1439 monasterio,
1675 1409 1726 1434 aut
1754 1401 1784 1435 in

1040 1450 1109 1484 eius
1133 1449 1378 1496 praenominatis
1394 1449 1470 1484 locis
1485 1461 1555 1484 esse
1577 1450 1648 1496 quis
1661 1450 1785 1489 audeat,

1042 1499 1100 1532 nisi
1129 1498 1168 1532 ab
1189 1498 1301 1533 abbate
1330 1498 1421 1532 suerit
1448 1499 1611 1539 inritatus3
1631 1507 1787 1546 quatenus

1042 1548 1101 1582 boc
1122 1547 1205 1594 quod
1233 1550 1270 1582 ad
1300 1547 1422 1582 laudem
1447 1547 1518 1591 Dei,
1541 1555 1568 1581 et
1584 1547 1784 1583 stabilitatem

1041 1596 1191 1643 praedicti
1220 1597 1399 1631 monasterii
1422 1598 1588 1631 statuimus
1616 1598 1703 1632 firma
1730 1606 1787 1632 sta

1040 1646 1158 1681 bilitate
1186 1655 1375 1700 permaneat
1403 1645 1632 1680 interdicentes
1657 1647 1786 1680 omniuo

1041 1697 1190 1743 episcopo
1218 1708 1246 1729 m
1275 1707 1366 1729 cuius
1390 1696 1535 1749 parocbia
1568 1707 1637 1730 esse
1666 1695 1787 1730 iidttur

1041 1745 1255 1791 supradictum
1278 1744 1499 1779 monasterium
1513 1746 1732 1787 constitutum,
1756 1753 1787 1778 ut

1042 1794 1121 1828 nibil
1136 1802 1242 1828 contra
1259 1803 1398 1828 tenorem
1417 1795 1591 1840 praesentis
1605 1794 1722 1828 decreti
1738 1794 1787 1840 pia

1044 1843 1253 1890 postulatione
1293 1843 1405 1878 indulti
1441 1843 1609 1890 quicquam
1646 1851 1787 1882 attentet,

1044 1904 1146 1939 neque
1181 1892 1244 1926 ullo
1272 1892 1365 1927 modo
1401 1892 1602 1946 baptismales
1639 1892 1789 1927 ecclesias

1043 1942 1101 1976 sibi
1127 1941 1275 1979 vindicet
1299 1953 1401 1988 neque
1425 1953 1501 1987 ipse,
1524 1953 1636 1988 suique
1662 1953 1790 1976 succes-

1043 2003 1130 2025 sores
1166 1999 1369 2038 praesumant
1404 1990 1560 2037 prohibita
1596 1990 1788 2036 contingere.

1043 2040 1106 2075 Sed
1135 2052 1238 2087 neque
1277 2052 1442 2074 missarum
1483 2039 1635 2074 solemnia
1675 2039 1790 2073 ibidem

1044 2089 1221 2137 persolvere
1253 2097 1440 2143 praesumat.
1472 2088 1529 2122 nisi
1557 2088 1595 2121 ab
1610 2087 1721 2123 abbate
1736 2100 1791 2122 su·

1047 2139 1206 2185 prssSCPlPIi
1232 2138 1412 2172 mOHBSIOPi!
1441 2137 1532 2171 suerit
1556 2137 1716 2170 invitatus·
1734 2149 1793 2171 ne·

1045 2200 1107 2235 que
1146 2187 1376 2222 ordinationem
1421 2186 1620 2220 sacerdotum
1661 2186 1792 2232 quilibet

1046 2239 1274 2292 episcoporum
1303 2237 1332 2269 in
1357 2235 1494 2282 praefato
1516 2236 1717 2273 monasterio,
1747 2234 1792 2267 vel

1046 2288 1114 2321 eius
1141 2298 1219 2324 iure,
1241 2294 1293 2319 aut
1316 2284 1355 2318 de
1383 2297 1440 2319 suo
1462 2285 1545 2319 clero
1560 2283 1717 2318 celebrare
1735 2295 1793 2318 au-

1047 2335 1130 2375 dean
1158 2335 1217 2369 nisi
1247 2342 1279 2368 ut
1316 2334 1488 2380 praelatum
1523 2341 1580 2373 cst
1607 2333 1646 2367 ab
1684 2333 1793 2367 abbate

1048 2385 1141 2419 fuerit
1167 2392 1323 2418 emeatus.
1348 2382 1492 2417 Cbrisma
1516 2383 1590 2428 igitu
1584 2395 1620 2418 ⁴,r
1643 2387 1688 2416 vet
1705 2384 1793 2429 quic-

1049 2433 1124 2481 quid
1157 2433 1194 2467 ad
1220 2444 1306 2467 sacra
1334 2432 1505 2466 ministeria
1536 2432 1704 2478 pertinere,
1726 2443 1750 2466 55
1779 2443 1795 2466 3

1051 2491 1135 2530 pitre
1159 2481 1338 2516 monasterii
1358 2480 1447 2515 suetit
1464 2480 1648 2527 postulatus,
1663 2480 1796 2536 quibus—

1051 2543 1187 2578 cumque
1217 2530 1403 2578 ρῐ3ε5ἰάειίι
1418 2530 1656 2565 concedimus.
1673 2530 1730 2564 nisi
1745 2542 1796 2564 ec-

1051 2580 1157 2615 clesiis
1171 2581 1340 2626 supradicti
1359 2579 1545 2614 venerabilis
1559 2579 1739 2613 monasterii
1757 2579 1795 2613 ad

1854 212 1988 238 ,estana
