2129 3223
121 270 170 295 An.
190 269 207 295 C
238 270 302 296 its-2.

132 818 204 838 Habito
243 823 300 844 pnsu

117 847 223 868 Romame
260 847 302 868 E·-

118 879 196 899 rlesine
208 879 302 899 :udins

119 910 167 929 linui
195 909 299 934 consilio,

119 940 246 965 ubsolrssuu

140 1456 163 1476 Et
187 1457 208 1476 in
233 1455 304 1475 hono-

121 1492 165 1507 rent
181 1486 255 1508 hal-eri
265 1488 304 1508 de-

121 1518 223 1538 cla-atur.

367 262 388 291 8

316 327 457 369 abbates,
479 334 510 362 et
535 327 696 362 Walterus
731 327 815 374 prior
846 325 981 362 Sanctae
1002 325 1067 361 Co-

315 376 442 411 lumbae
465 376 503 411 de
524 375 642 420 Insula,
666 383 795 423 propter
816 376 875 411 lioc
890 375 928 410 ad
949 375 1065 411 Sedem

317 424 530 471 Apostolicam
566 424 771 469 accedentes,
805 437 861 460 sua
896 425 988 460 nobis
1014 437 1067 460 as-

316 474 454 508 seitione
481 481 709 515 monstrarunt,
742 474 825 529 quod
853 474 1067 529 arehiepisco-

317 535 376 569 pus
397 523 737 558 excommunicationis
771 523 802 557 in
832 535 937 569 regem
960 530 990 557 et
1016 523 1066 556 in-

315 570 440 605 terdicti
467 571 497 605 in
525 583 669 618 regnum
692 580 723 607 et
743 572 912 619 episcopus
934 572 995 606 iam
1018 571 1066 606 di-

315 627 385 654 ctus
408 620 438 654 in
461 620 617 667 quosdam
645 620 685 655 de
721 632 817 667 regno
847 621 1066 656 excommuni-

316 669 447 703 cationis
468 670 655 705 sententiam
681 670 892 717 protulerunt,
916 682 1010 716 quam
1029 682 1064 704 ex

316 717 482 764 multiplici
504 719 626 754 ratione
653 718 902 754 rectractandam
929 718 995 753 sore
1018 731 1067 753 ra-

315 765 508 802 tionabiliter
548 780 652 802 coram
697 767 791 803 nobis
837 774 869 802 et
920 767 1067 803 fratribus

315 816 534 851 ostenderunt.
560 816 638 851 Inde
661 817 767 864 utique
789 816 858 861 suit,
880 816 964 863 quod
982 828 1068 863 prae-

315 863 378 900 fato
400 865 465 911 regi
501 873 649 913 tanquam
684 866 848 900 carissimo
875 865 905 899 in
940 865 1067 900 Christo

317 913 380 948 filio
403 914 591 970 deferentes,
627 926 754 949 omnem
788 914 978 949 sententiam
1006 914 1066 949 iam

315 962 388 997 dicti
411 964 567 1012 episcopi,
595 976 651 1010 pro
675 963 811 1011 praefata
834 975 926 998 causa
946 964 978 997 in
993 975 1066 998 eum

317 1011 363 1046 iel
385 1025 476 1052 suos
504 1012 551 1047 vel
579 1024 716 1059 regnum
744 1012 894 1059 prolatam
918 1011 957 1047 de
979 1024 1068 1047 eom-

316 1061 404 1095 muni
436 1061 567 1096 consilio
602 1061 732 1096 Γιᾙειῑιιιη]
767 1061 954 1095 authoritate
991 1073 1068 1107 apo-

315 1109 424 1145 stolica
448 1109 667 1151 relaxavimus,
686 1118 716 1144 et
738 1110 904 1144 statuimus
931 1109 1020 1143 illum
1038 1118 1069 1144 et

315 1170 390 1193 suos
407 1159 746 1199 excommunicatione,
768 1166 799 1192 et
812 1170 944 1204 regnum
971 1159 1068 1193 inter-

315 1207 411 1248 dicto,
434 1220 471 1242 ex
490 1208 680 1255 praescripta
695 1208 851 1242 sententia
879 1215 985 1242 nostra
1004 1219 1068 1242 non

317 1257 425 1291 teneri.
456 1256 529 1298 Quo
551 1257 632 1292 circa
656 1256 850 1291 universitati
871 1265 992 1291 vestrae
1014 1268 1069 1303 per

316 1306 486 1351 apostolica
501 1305 617 1352 scripta
631 1305 854 1352 praecipiendo
869 1305 1068 1347 mandamus,

316 1362 473 1401 quatenus
494 1355 523 1389 ei
558 1362 708 1401 tanquam
742 1354 806 1399 regi
840 1354 1010 1398 catholico,
1038 1363 1069 1389 et

316 1403 443 1438 habenti
464 1404 722 1438 communionem
745 1402 947 1449 Apostolicae
965 1402 1069 1444 Sedis,

318 1453 503 1500 participare
526 1452 655 1487 minime
683 1451 851 1486 dubitetis:
880 1452 934 1487 sed
957 1452 989 1486 in
1006 1464 1071 1486 om—

318 1501 413 1536 nibus
435 1502 477 1536 illi
496 1501 649 1536 honorem
672 1513 849 1547 congruum
867 1500 1068 1548 impendatis,

317 1550 446 1592 Quanto
471 1551 555 1585 enim
578 1550 728 1585 certiores
759 1562 871 1585 sumus
893 1551 931 1584 (le
958 1550 1070 1584 since-

296 1600 408 1634 -ritate
434 1599 611 1634 devotionis
638 1600 722 1634 illius
743 1598 907 1639 Ecclesiis,
934 1606 965 1633 et
999 1610 1072 1646 per-

318 1649 406 1683 sonis
432 1648 654 1683 ecclesiasticis
680 1648 769 1694 regni
796 1648 856 1688 sui,
887 1655 971 1682 tanto
1003 1659 1071 1681 am-

319 1697 403 1744 plius
429 1709 502 1732 eum
530 1698 677 1732 volumus
699 1698 730 1731 in
758 1697 919 1737 omnibus,
947 1697 979 1731 in
1002 1697 1073 1743 qui-

318 1746 380 1781 bus
395 1746 571 1781 secundum
587 1746 690 1781 Deum
708 1758 889 1793 possumus,
908 1746 1068 1780 honorari.

368 1795 483 1830 Datum
505 1795 649 1830 Veletrae
672 1795 796 1830 decimo
817 1803 906 1830 sexto
921 1794 1072 1830 kalendas

319 1843 427 1892 aprilis
448 1847 502 1889 (t).

374 1901 436 1931 Dat.
459 1902 506 1932 die
526 1902 561 1931 17
581 1902 678 1931 martii
697 1910 773 1931 anno
795 1900 910 1930 Domini
930 1900 1016 1937 1182,

577 1951 682 1990 pontif.
700 1960 775 1980 anno
794 1959 812 1980 1.

354 2011 393 2047 (l)
411 2011 488 2044 Quod
504 2010 535 2038 ad
553 2012 590 2038 rei
606 2011 686 2037 huius
709 2010 844 2037 historiam
863 2009 967 2041 attinet,
979 2009 1071 2043 excipe

319 2059 333 2077 a
353 2051 432 2085 Pagio
448 2050 564 2083 luniore,
581 2051 627 2085 qui
643 2051 739 2077 seriem
757 2053 839 2076 totam
851 2048 980 2075 brevibus
993 2049 1072 2075 refert

319 2099 352 2116 cx
370 2091 474 2125 Rogerii
489 2091 626 2117 llovedeni
645 2089 802 2120 Annalibus,
816 2096 885 2115 anno
904 2088 983 2114 1¹80:
1003 2088 1072 2114 Wil-

320 2130 414 2157 lelmus
433 2131 537 2157 Scotiae
565 2139 611 2157 rex
631 2133 723 2157 contra
748 2130 871 2156 Ioannem
896 2130 1071 2162 cognomento

319 2170 429 2197 Scotum
449 2171 575 2197 canonice
593 2170 706 2196 eloctum
726 2168 879 2203 episcopum
896 2167 922 2193 S.
934 2166 1069 2199 Andreae,

320 2217 367 2244 per
397 2209 450 2236 vim
479 2209 587 2235 intrusit
611 2209 749 2243 lingonem
777 2206 942 2242 capellanum
975 2213 1069 2238 suum,

319 2252 407 2283 spreta
423 2248 598 2283 appellatione
609 2247 713 2274 loannis
722 2246 754 2273 ad
767 2246 873 2281 Papam,
885 2249 912 2272 et
923 2245 1070 2279 legatorum

321 2296 491 2315 romanorum
508 2288 615 2320 iudicio,
632 2287 678 2322 qui
694 2287 726 2313 ab
749 2285 901 2313 Alexandro
913 2285 948 2311 Ill
963 2285 988 2311 in
1000 2285 1067 2311 Sco-

321 2327 383 2354 tiam
411 2327 483 2354 missi
504 2335 552 2362 pro
564 2327 661 2354 Ioanne
677 2325 835 2353 sententiam
847 2325 971 2351 tulerant.
992 2324 1069 2358 Quod

321 2374 382 2393 cum
404 2367 555 2393 rescivisset
574 2365 722 2392 Alexander
739 2365 785 2397 ΙΙΙ,
798 2364 954 2399 legationem
967 2364 1070 2390 Scotiae

321 2406 489 2433 committens
519 2405 630 2440 Rogerio
658 2405 819 2431 Eboracensi
853 2403 1068 2438 archiepiscopo,

322 2445 458 2471 mandavit
472 2447 506 2476 ei,
528 2448 557 2471 ut
574 2452 625 2471 una
640 2452 700 2470 cum
721 2444 832 2478 Hugone
847 2442 1016 2469 Dunelmensi
1037 2449 1069 2468 e-

322 2484 430 2518 piscopo
440 2484 595 2510 sententiam
605 2482 887 2510 excommunicationis
904 2481 1034 2516 proferret
1044 2480 1070 2508 in

323 2531 421 2558 regem,
438 2527 464 2549 ct
480 2531 590 2557 regnum
607 2523 676 2550 illius
692 2522 869 2554 interdiceret,
891 2522 940 2548 nisi
960 2522 1071 2556 permit-

324 2567 390 2590 teret
407 2564 530 2590 loannem
546 2563 639 2589 sedere
655 2563 678 2589 in
697 2570 768 2598 pace.
786 2561 863 2595 Quod
878 2568 939 2588 cum
958 2569 1006 2588 rex
1026 2569 1071 2587 re-

322 2605 448 2635 cusasset,
466 2602 541 2637 legati
553 2602 678 2637 pontificii
688 2601 844 2629 sententiam
855 2608 1069 2627 excommunica-

323 2644 401 2670 tionis
412 2643 436 2669 in
449 2650 536 2678 regem
547 2642 724 2677 protulerunt,
735 2640 901 2669 etinterdicti
912 2649 937 2668 in
950 2648 1067 2675 regnum.

886 270 1077 295 BULLAmUM
1103 269 1267 294 ROMANUR!

1465 325 1504 361 Il.

1111 403 1311 449 Confirmatio
1331 404 1508 438 donationis
1532 416 1554 438 a
1579 405 1753 448 Bai-asom,
1779 405 1859 438 eius-

1157 465 1213 497 que
1239 465 1337 487 actore
1366 454 1553 498 Alyaburqa
1585 454 1754 487 Sardiniae
1775 454 1860 498 reqi-

1157 503 1211 536 bus
1227 503 1327 546 sactae
1344 503 1528 536 monasterio
1542 503 1658 536 Montis
1676 502 1782 536 Casini
1796 503 1828 545 (1
1828 505 1856 544 ).

1376 585 1591 616 SUMMARIUM

1107 649 1275 680 Exordium.
1297 667 1337 673 -—
1353 650 1550 681 Confirmatur
1577 651 1695 681 donatio
1714 651 1858 682 ecclcsiae

1148 694 1177 724 S.
1205 695 1317 726 Nicolai
1345 696 1380 725 [le
1399 695 1498 733 Gurgo
1517 704 1585 724 cum
1608 695 1747 725 omnibus
1770 695 1860 734 perti-

1148 738 1268 768 nentiis:
1292 755 1332 761 —-
1349 738 1439 768 Cuius
1459 743 1542 768 tenor
1557 738 1694 768 retertur.
1711 755 1751 761 --
1771 737 1861 768 Bara-

1150 791 1213 819 son,
1236 791 1325 812 uxore
1355 783 1568 820 consentiente,
1591 792 1624 812 ac
1642 782 1789 822 episcopis
1808 782 1861 811 ad-

1149 825 1364 864 probantibus,
1399 827 1488 857 donat
1521 826 1673 856 Ecclesiae
1706 825 1859 855 Casinensi

1149 869 1306 899 ecclesiam
1320 869 1349 900 S.
1360 869 1472 900 Nicotai
1486 870 1521 900 de
1534 870 1631 908 Gurgo
1643 879 1709 899 cum
1723 869 1860 899 omnibus

1149 913 1351 952 pertinentiis,
1381 930 1421 936 —-
1446 913 1606 944 Duodecim
1630 919 1680 944 aut
1701 914 1737 944 ad
1760 914 1860 943 minus

1150 962 1262 996 septem
1282 957 1435 987 monachis
1455 957 1556 987 missis
1573 957 1609 987 ad
1626 955 1785 996 regendam
1808 966 1860 986 ec-

1149 1001 1281 1038 clesiam,
1308 1018 1347 1023 -
1368 1000 1429 1030 Sub
1452 1010 1551 1030 annuo
1577 1010 1668 1031 censu
1686 1001 1788 1039 viginti
1810 1001 1862 1030 bi-

1149 1046 1312 1075 zantiorum
1333 1054 1385 1084 pro
1404 1044 1560 1074 Casinensi
1577 1044 1723 1079 Ecclesia,
1745 1062 1785 1067 —
1801 1044 1860 1074 Te-

1150 1090 1245 1120 stibus
1267 1089 1408 1120 adhibitis
1431 1089 1467 1119 ad
1484 1089 1650 1119 donationis
1669 1089 1755 1119 fidem
1776 1089 1863 1118 robo-

1149 1133 1368 1164 randam—In
1377 1136 1567 1163 temeratores
1580 1132 1747 1162 donationis
1758 1132 1862 1171 ipsius,

1149 1178 1201 1207 Dei
1224 1182 1250 1208 et
1273 1177 1317 1207 Ss.
1345 1177 1552 1207 maledictione
1578 1176 1721 1206 invocata.
1743 1193 1784 1198 —
1804 1175 1861 1206 Pax

1150 1226 1179 1251 et
1196 1220 1364 1251 benedictio
1387 1229 1439 1259 pro
1462 1220 1505 1250 illi
1528 1220 1798 1250 consentientibus:
1822 1236 1863 1242 -—

1150 1264 1288 1295 Ordinata
1307 1269 1335 1294 et
1358 1265 1471 1294 firmata
1490 1273 1567 1293 anno
1586 1264 1681 1294 1182:
1696 1281 1736 1286 —
1751 1263 1861 1293 Eadem

1151 1310 1269 1340 donatio
1300 1309 1447 1339 validatur
1478 1317 1545 1338 cum
1572 1308 1668 1338 solitis
1691 1308 1862 1348 expressio-

1151 1354 1250 1384 nibus.

1111 1425 1205 1453 Lucius
1225 1424 1366 1460 episcopus
1386 1431 1482 1453 servus
1511 1430 1651 1452 servorum
1672 1423 1735 1457 Dei,
1761 1423 1862 1452 dilecto

1155 1474 1211 1502 filio
1229 1474 1307 1502 Petro
1327 1472 1480 1502 cassinensi
1498 1472 1603 1505 abbati,
1616 1472 1734 1501 salutem
1752 1473 1780 1501 et
1796 1478 1863 1507 apo-

1156 1523 1284 1552 stolicam
1302 1522 1524 1551 benedictionem.

1160 1589 1251 1631 Quae
1285 1588 1363 1624 locis
1404 1588 1560 1635 religiosis
1594 1588 1719 1636 pietatis
1746 1587 1861 1622 intuitu

1112 1639 1336 1679 conseruntur,
1377 1637 1467 1673 firma
1494 1638 1640 1672 volumus
1678 1645 1709 1672 et
1743 1636 1860 1672 illibata

1113 1689 1295 1734 persistere,
1317 1695 1348 1722 et
1374 1699 1414 1722 ne
1435 1699 1604 1734 pravorum
1627 1686 1766 1733 nequitia
1787 1697 1861 1733 per-

1113 1736 1292 1780 turbentur,
1326 1735 1500 1783 apostolico
1528 1735 1687 1782 praesidio
1713 1746 1861 1770 commu-

1112 1785 1191 1820 nire.
1226 1785 1293 1819 Hac
1321 1785 1425 1832 itaque
1453 1784 1706 1820 consideratione
1732 1784 1861 1819 rationis

1113 1834 1244 1876 inducti,
1266 1842 1298 1869 et
1319 1834 1381 1868 tuis
1403 1833 1612 1868 nihilominus
1632 1833 1780 1880 precibus
1809 1833 1861 1867 in-

1113 1883 1231 1924 clinati,
1253 1883 1417 1918 ecclesiam
1435 1882 1541 1917 Sancti
1555 1883 1677 1918 Nicolai
1699 1882 1737 1917 de
1752 1881 1860 1928 Gurao

1113 1944 1185 1967 cum
1208 1932 1355 1966 omnibus
1377 1932 1574 1979 pertinentiis
1599 1932 1677 1976 suis,
1699 1943 1791 1978 quam
1805 1944 1861 1979 per

1112 1981 1262 2015 dilectum
1290 1981 1390 2015 filium
1419 1988 1560 2015 nostrum
1587 1980 1726 2015 nobilem
1760 1981 1861 2016 virum

1112 2029 1252 2064 Barason
1270 2029 1483 2064 Arborensem
1498 2028 1646 2073 iudicem,
1667 2029 1861 2065 dioecesanis

1112 2078 1272 2125 episcopis
1297 2090 1462 2113 assensum
1495 2077 1734 2125 praebentibus,
1770 2091 1860 2113 com-

1113 2127 1243 2162 missum
1282 2134 1353 2162 tuae
1383 2139 1477 2162 curae
1503 2126 1692 2162 coenobium
1726 2135 1773 2162 est
1807 2139 1861 2162 ca-

1112 2203 1232 2237 Cumque
1247 2202 1312 2229 haec
1330 2202 1523 2234 controversia,
1534 2202 1642 2229 vivente
1652 2201 1801 2229 Alexandro
1812 2202 1858 2234 111,

1111 2242 1192 2277 sopiri
1215 2249 1268 2268 non
1293 2242 1432 2276 potuisset,
1454 2241 1606 2269 Willelmus
1630 2249 1689 2273 rex,
1719 2245 1780 2277 post
1802 2243 1860 2268 eius

1112 2285 1235 2314 mortem,
1252 2281 1339 2308 missis
1353 2281 1386 2308 ad
1406 2281 1515 2308 Lucium
1528 2282 1563 2308 ΙΙΙ
1580 2281 1732 2308 Pontificem
1745 2280 1860 2312 nunciis,

1110 2321 1304 2348 absolutionem
1320 2321 1353 2348 ab
1368 2329 1399 2348 eo
1415 2321 1576 2356 impetravit.
1595 2320 1744 2348 Misitenim
1760 2328 1791 2347 eo
1802 2321 1859 2347 Lu—

1110 2361 1166 2388 cius
1182 2360 1330 2387 Uol-indum
1349 2361 1462 2387 electum
1478 2361 1635 2388 Dolensern
1630 2369 1654 2387 tn
1666 2360 1799 2387 Britannia
1810 2360 1860 2386 Mi-

1110 2401 1168 2427 nori
1187 2401 1351 2436 episcopum,
1366 2394 1498 2428 Romanae
1508 2401 1639 2428 Ecclesiae
1654 2399 1856 2432 subdiaconum,

1111 2440 1224 2475 legatum
1243 2448 1333 2472 suurn,
1337 2441 1395 2475 qui
1414 2448 1456 2467 res
1474 2440 1511 2467 ita
1525 2448 1586 2467 cum
1612 2447 1672 2474 rege
1697 2440 1856 2474 composuit,

1111 2484 1139 2506 ut
1155 2483 1208 2506 tam
1224 2480 1310 2514 Hugo,
1327 2488 1407 2515 quam
1427 2481 1538 2507 Ioannes
1561 2479 1748 2506 renunciarent
1772 2478 1857 2505 eidem

1110 2519 1240 2547 Ecclesiae
1259 2520 1346 2547 Sancti
1363 2519 1494 2552 Andreae,
1511 2523 1537 2546 et
1561 2519 1672 2546 Ioannes
1694 2518 1751 2545 loco
1774 2519 1858 2553 ipsius

1111 2559 1219 2587 haberet
1234 2561 1415 2595 episcopatum
1432 2557 1653 2590 Dunkeldensem,
1671 2560 1697 2584 et
1715 2557 1764 2585 alia
1786 2565 1857 2584 non-

1111 2599 1190 2626 nulla.
1229 2600 1268 2634 (t)
1294 2598 1383 2626 Edidit
1413 2598 1440 2625 P.
1468 2597 1648 2629 Montiaucon,
1677 2596 1750 2624 Diar.
1777 2596 1832 2623 Ital.
1847 2616 1855 2630 ‚

1088 2678 1092 2682 ι
1109 2646 1167 2675 cap.
1185 2637 1229 2666 ²22.

1876 269 1924 297 An.
1938 270 1967 298 C.
1989 271 2054 298 ¹182

1905 1596 2026 1618 Exordium.

1893 1796 2030 1819 Confirmatnr

1874 1829 1944 1850 donati
1940 1834 1959 1849 ιο
1983 1834 2007 1849 ec
2011 1829 2058 1850 cle-

1874 1860 1917 1880 siae
1940 1858 1960 1879 S.
1976 1858 2056 1880 Nicolai

1874 1891 1900 1911 de
1922 1889 1991 1916 Gurgo
2009 1896 2056 1911 cum

1875 1921 1970 1942 omnibus
1989 1922 2056 1948 perti-

1874 1952 1961 1973 uentiis.
