2129 3223
34 259 126 287 Amo,
148 260 212 287 12⁴7
826 258 1034 282 ixsocnx'rtcs
1060 260 1089 280 tv
1115 260 1160 281 rr.
1637 249 1706 281 :5²23
1772 257 1819 284 An.
1838 257 1865 284 C.
1886 258 1950 284 12'17

277 315 331 362 §⁸
319 317 352 350 ὀ.
379 315 443 349 Nos
464 314 501 348 de
523 315 685 348 sanctitate
714 314 803 354 vitae,
831 326 866 349 ac
887 315 972 350 veri·
1355 316 1421 350 Xll.

33 368 289 420 ιῗιῖἷῖἶῖιῗιῗ.ὼοιᾶῑθ
321 369 505 404 m¹rac¹¹l⁰n
575 367 718 403 e¹u⁵d⁸m
756 377 854 403 sanem
886 369 972 404 ΕΜ·
1013 396 1211 439 Confirmatio
1256 398 1497 440 conqreyati'onis
1539 398 1755 431 monachorum

42 1023 90 1044 Eius
103 1021 210 1043 celebrun-

29 1053 53 1073 :la
67 1051 210 1074 testivitudto

28 1083 53 1104 1⁶
63 1083 190 1104 novembris.

11 1852 14 1854 ,
54 1827 184 1854 Ιιιάιιῐςςοιιιίι

43 1859 46 1863 ’
136 1859 208 1886 nepul-

28 1888 98 1910 chrum
121 1889 208 1910 visitan-

229 423 349 462 mundi,
369 423 512 458 curiosae
532 422 742 469 inquisitionis
763 423 971 465 solemnitate,

227 489 262 512 ac
287 477 418 512 districti
456 476 612 511 examinis
651 477 846 512 discussione
882 490 972 524 prae-

228 531 342 571 missis,
358 530 527 578 plenariam
546 530 766 565 certitudinem
780 530 970 575 obtinentes,

228 585 329 632 ipsum
360 585 398 619 de
431 585 590 620 communi
626 584 752 619 fratrum
792 594 970 621 nostrorum

226 646 257 674 et
278 639 485 687 praelatorum
508 640 647 674 omnium
677 647 752 673 tunc
779 639 860 686 apud
889 640 972 687 Apo-

225 693 365 728 stolicam
387 692 503 729 Sedem
540 693 739 728 existentium
771 693 904 728 consilio
941 702 969 728 et

225 760 366 792 assensu,
401 748 430 782 in
465 747 630 782 Dominica
659 750 703 791 (l)
732 747 771 781 de
808 747 968 788 Adventu,

225 815 284 850 qua
298 811 452 837 cantatur:
470 800 612 836 Gaudete
630 801 658 834 in
677 801 814 836 Domino
828 813 968 849 semper;

224 864 403 892 sanctorum
435 855 598 901 cathalogo
629 854 891 895 adscribendum,
924 855 968 890 vel

225 911 284 944 iam
308 909 499 957 adscriptum
528 909 676 944 duximus
693 908 919 943 nunciandum.

273 963 351 1012 §6-
386 963 524 1011 ideoque
565 962 796 998 universitatem
836 971 967 997 vestram

226 1028 412 1061 monemus,
452 1025 483 1052 et
518 1017 720 1052 exhortamur
760 1024 876 1051 attente
915 1029 969 1064 per

225 1071 393 1118 apostolica
432 1072 548 1118 scripta
577 1071 777 1109 mandantes,
813 1079 970 1117 quatenns

225 1125 436 1160 decimosexto
479 1125 627 1160 kalendas
665 1124 843 1160 decembris
876 1130 968 1169 (cum

225 1186 302 1214 tunc
345 1179 416 1214 felix
443 1180 542 1227 ipsius
569 1180 670 1214 anima
699 1179 738 1213 de
758 1180 861 1214 carnis
888 1179 967 1214 libe-

223 1240 288 1268 rata
313 1245 448 1278 carcere,
475 1233 512 1268 ad
539 1242 618 1268 astra
651 1232 879 1275 conscendens,
912 1247 968 1270 au-

222 1286 283 1322 lam
309 1288 478 1323 coelestem
507 1288 654 1325 adiverit.
678 1286 816 1322 Paradisi
845 1287 968 1323 deliciis

224 1341 374 1385 fruitura)
401 1341 513 1376 festum
546 1341 687 1375 eiusdem
709 1340 832 1382 devote,
855 1354 890 1377 ac
909 1354 967 1378 so—

223 1396 366 1431 lemniter
387 1396 562 1435 celebretis,
587 1395 767 1442 faciatisque
785 1408 840 1430 vos
859 1396 968 1432 fratres

221 1449 447 1497 archiepiscopi
475 1457 504 1484 et
530 1449 668 1496 episcopi
696 1461 752 1496 per
778 1459 895 1485 vestras
920 1451 967 1485 ci-

223 1502 332 1539 vitates
358 1511 389 1539 et
422 1503 582 1539 dioeceses
603 1516 619 1538 a
642 1502 898 1538 christifidelibus
915 1517 967 1539 ve-

221 1557 384 1593 neratione
404 1569 542 1605 congrua
566 1557 738 1601 celebrari,
765 1565 799 1592 ut
822 1557 875 1604 pio
897 1558 967 1593 eius

221 1610 418 1656 interventu,
440 1620 471 1647 et
498 1612 549 1646 hic
571 1611 610 1646 ab
636 1611 872 1646 imminentibus
895 1625 967 1658 pos-

221 1664 289 1700 sitis
310 1666 458 1713 periculis
484 1667 570 1711 erui,
605 1674 635 1700 et
662 1666 692 1699 in
728 1665 834 1700 futuro
856 1666 966 1701 salutis

223 1720 396 1766 praemium
418 1722 569 1767 consequi
597 1719 818 1767 sempiternae.

270 1772 290 1820 S
317 1775 348 1807 7.
376 1773 542 1809 Caeterum
567 1783 595 1807 ut
625 1773 662 1808 ad
695 1773 873 1808 venerabile
898 1773 967 1808 eius

221 1827 426 1874 sepulchrum
449 1828 620 1863 ferventius
643 1835 672 1861 et
694 1827 856 1874 copiosius
881 1828 967 1862 chri-

222 1881 314 1916 stiani
338 1881 446 1930 populi
476 1883 612 1918 confluat
639 1881 825 1922 multitudo,
852 1894 888 1917 ae
915 1894 967 1917 ce-

225 1934 343 1971 lebrius
360 1935 502 1971 eiusdem
523 1936 628 1971 Sancti
648 1944 759 1983 agatur
772 1936 966 1981 solemnitas,

223 1985 370 2020 omnibus
392 1998 463 2021 vere
485 1986 720 2033 poenitentibus
745 1994 775 2020 et
797 1985 966 2031 confessis,

222 2035 274 2082 qui
296 2047 369 2070 cum
403 2036 574 2071 reverentia
603 2035 707 2070 illuc
700 2048 731 2070 ιι]
754 2035 863 2070 eodem
888 2035 966 2070 festo

221 2085 380 2120 annuatim
403 2085 604 2129 accessciint,
631 2085 728 2132 ipsius
754 2084 900 2132 suffragia
915 2097 967 2132 pe-

223 2134 319 2175 tituri,
345 2134 384 2170 de
410 2135 635 2182 omnipotentis
662 2134 717 2169 Dei
740 2134 965 2176 misericordia,

221 2192 251 2218 ot
279 2183 440 2219 beatorum
467 2184 551 2220 Petri
585 2193 615 2218 et
641 2183 730 2219 Pauli
752 2184 964 2232 apostolorum

221 2234 290 2268 eius
315 2235 497 2269 auctoritate
518 2234 643 2276 conlisi,
666 2246 763 2268 unum
785 2246 913 2274 annum,
936 2243 965 2269 et

222 2283 425 2331 quadraginta
447 2284 524 2324 dies;
547 2282 767 2318 accedentibus
786 2295 857 2318 vero
875 2284 965 2318 annis

222 2333 354 2381 singulis
375 2333 413 2368 ad
437 2333 642 2381 praedictum
658 2332 859 2379 sepulchrum
888 2333 965 2368 infra

222 2382 363 2419 eiusdem
384 2382 453 2419 festi
475 2390 598 2419 octavas
620 2382 823 2430 quadraginta
845 2382 912 2417 dies
927 2383 965 2418 de

224 2432 360 2468 iniuncta
386 2432 446 2468 sibi
474 2433 664 2481 poenitentia
688 2431 875 2467 relaxamus.

270 2480 386 2518 Datum
411 2483 577 2538 Lugduni,
611 2482 701 2517 tertio
724 2480 822 2516 idus
815 2481 943 2516 ianuarii
958 2509 965 2523 ‚

224 2532 422 2580 pontificatus
443 2533 540 2568 nostri
567 2545 648 2567 anuo
671 2539 792 2580 quarto.

252 2592 314 2624 Dat.
335 2594 382 2625 die
398 2594 432 2624 11
451 2594 577 2625 ianuarii
596 2593 677 2629 1247,
694 2592 793 2633 pontif.
811 2602 885 2623 anno
901 2602 936 2623 tv.

259 2646 298 2682 (ί)
316 2655 345 2674 ιιι
366 2647 512 2674 Adventus.

1060 444 1318 489 Syluestrinorum
1340 447 1372 478 in
1398 458 1494 480 eremo
1529 447 1637 480 Sancti
1657 447 1756 480 Bene-

1061 495 1134 527 dicei
1169 495 1206 527 de
1241 495 1344 528 Monte
1379 496 1466 529 Fano
1495 508 1569 529 moa>
1602 497 1757 530 institutae

1060 544 1114 577 sub
1140 545 1245 588 requla
1278 546 1375 578 sancti
1413 545 1582 583 Benedicti,
1621 553 1648 579 et
1681 558 1756 579 con-

1060 594 1149 626 cessio
1174 595 1348 638 qratiarum
1373 601 1399 627 et
1424 596 1655 640 exemptionum.

1267 671 1481 703 SUMMARIUM

1011 731 1176 764 Exordium.
1197 751 1236 756 —
1259 735 1283 763 l.
1313 734 1449 764 Eremutn
1477 735 1552 765 hanc
1579 736 1634 766 sub
1663 742 1756 775 prote-

1051 779 1146 808 ctione
1166 778 1194 808 S.
1211 778 1242 807 A.
1265 779 1397 818 suscipit.
1415 796 1453 802 —
1469 780 1498 810 2.
1517 779 1594 810 Ordo
1613 783 1755 812 monasti-

1050 832 1102 852 cus
1128 823 1169 853 ibi
1196 824 1304 853 servari
1332 824 1459 854 mandat.
1481 842 1519 847 -—
1540 825 1568 855 3.
1595 824 1670 856 Bona
1695 836 1757 856 om-

1049 868 1096 897 nia
1121 867 1146 897 ei
1169 867 1331 897 confirmat.
1353 884 1391 890 —
1418 869 1446 898 4.
1469 868 1586 899 Novalia
1613 869 1712 900 eximit
1741 880 1754 899 a

1050 911 1182 941 decimis.
1207 928 1246 933 —
1267 911 1294 941 5.
1312 911 1354 942 Ad
1373 913 1504 943 ordinem
1531 914 1680 944 venientes
1707 923 1755 945 te-

1049 956 1175 996 cipiendi
1194 956 1243 986 dat
1274 955 1449 986 facultatem.
1479 958 1563 988 -6,
1595 957 1756 989 Prohibitio

1051 1000 1220 1030 transeundi
1251 1001 1287 1030 ad
1319 1001 1408 1030 alium
1438 1002 1569 1032 ordinem
1603 1011 1660 1032 non
1692 1005 1756 1033 stri-

1050 1045 1178 1074 ctiorem.
1206 1061 1245 1066 -
1268 1045 1293 1073 7.
1322 1044 1469 1074 indultum
1502 1055 1582 1076 sacra
1617 1048 1755 1085 operandi

1051 1094 1178 1128 tempore
1208 1088 1365 1118 interdicti.
1397 1106 1436 1111 —
1463 1090 1490 1118 8.
1523 1089 1708 1121 Sacramenta
1741 1102 1754 1121 a

1048 1134 1223 1164 dioecesano
1238 1134 1417 1173 accipienda.
1433 1150 1471 1156 -—
1488 1135 1515 1164 9.
1534 1134 1754 1174 Privilegiorum

1049 1179 1208 1209 concessio.
1229 1195 1268 1200 —
1287 1178 1333 1208 13.
1357 1177 1396 1208 De
1420 1179 1525 1218 prioris
1548 1179 1699 1210 electione.
1718 1197 1756 1203 -—

1050 1224 1094 1253 15.
1112 1223 1331 1253 immunitatum
1348 1224 1539 1254 confirmatio.
1554 1240 1592 1246 ——
1609 1225 1652 1255 16.
1671 1224 1754 1256 Clau-

1049 1268 1140 1298 sulae.

1006 1333 1176 1363 Innocentius
1194 1335 1334 1370 episcopus
1353 1341 1448 1364 servus
1485 1341 1623 1365 servorum
1641 1336 1697 1370 Dei.
1716 1337 1755 1366 di·

1052 1383 1132 1411 lectis
1150 1383 1217 1412 tiliis
1234 1383 1320 1419 priori
1336 1384 1421 1412 eremi
1440 1384 1471 1413 tle
1485 1385 1573 1414 monte
1591 1385 1670 1419 Fano.
1684 1386 1754 1415 eius=

1052 1439 1101 1467 que
1120 1432 1266 1465 fratribus.
1286 1433 1344 1461 tam
1362 1434 1562 1468 praesentibus,
1582 1441 1662 1470 quam
1678 1434 1754 1463 ῐιιῐιιι

1051 1482 1100 1514 ris,
1118 1482 1273 1517 regularem
1285 1482 1373 1511 vitam
1385 1482 1528 1517 professis,
1541 1484 1569 1512 in
1581 1484 1753 1520 perpetuum.

1051 1531 1169 1560 salutem
1187 1533 1217 1560 et
1235 1532 1413 1567 apostoticam
1428 1532 1654 1562 benedictionem.

1058 1594 1245 1640 Religiosam
1275 1595 1366 1629 vitam
1389 1594 1595 1641 eligentibus,
1629 1606 1754 1645 aposto-

1007 1644 1101 1678 licum
1129 1644 1275 1678 οοηιειιίῑ
1296 1643 1446 1679 adhibere
1479 1646 1686 1692 praesidium,
1716 1659 1754 1681 ne

1008 1693 1086 1728 [orte
1108 1692 1275 1728 cuiuslibet
1297 1694 1479 1729 temeritatis
1506 1695 1670 1736 incursus,
1701 1706 1753 1731 aut

1007 1755 1061 1778 eos
1083 1755 1099 1777 a
1122 1742 1282 1789 proposito
1305 1751 1440 1784 revocet,
1462 1753 1512 1778 aut
1536 1744 1642 1785 robur,
1669 1747 1752 1792 quod

1007 1792 1099 1832 absit,
1122 1804 1226 1826 sacrae
1249 1792 1408 1839 religionis
1435 1793 1591 1840 infringat.

1055 1842 1075 1888 g
1102 1843 1128 1876 l.
1147 1841 1331 1889 Eapropter,
1354 1842 1458 1877 dilecti
1478 1843 1509 1877 in
1529 1843 1665 1878 Domino
1686 1843 1751 1885 filii,

1009 1891 1117 1926 vestris
1151 1891 1243 1925 iustis
1282 1892 1545 1939 postulationibus
1581 1893 1752 1930 clementer

1007 1942 1193 1981 annuimus,
1218 1949 1248 1975 et
1282 1953 1423 1976 eremum
1454 1942 1559 1978 Sancti
1588 1942 1750 1979 Benedicti

1007 1990 1045 2025 de
1072 1990 1177 2025 Monte
1199 1989 1286 2026 Fano
1313 1989 1548 2027 Camerinensis
1581 1991 1752 2037 dioecesis,

1007 2039 1037 2074 in
1060 2052 1119 2086 qua
1146 2040 1357 2075 diviuo'estis
1384 2040 1536 2088 obsequio
1563 2043 1752 2089 mancipati,

1006 2089 1065 2124 sub
1089 2089 1167 2124 beati
1203 2089 1286 2125 Petri
1314 2098 1345 2125 et
1368 2098 1470 2126 nostra
1499 2092 1691 2138 protectione
1703 2105 1753 2128 su-

1006 2139 1174 2186 scipimus,
1201 2147 1230 2174 et
1255 2140 1427 2186 praesentis
1448 2141 1552 2187 scripti
1578 2142 1751 2188 patrocinio

1006 2188 1251 2224 communimus.

1054 2238 1074 2284 g
1107 2237 1207 2272 2111
1242 2237 1349 2284 primis
1376 2239 1456 2286 siqu.
1450 2238 1530 2273 idem
1559 2247 1750 2280 statuentes,

1008 2295 1039 2321 ut
1063 2287 1138 2321 ordo
1157 2286 1360 2332 monasticus,
1383 2300 1433 2334 qui
1451 2288 1626 2323 s‹cuudum
1650 2288 1748 2323 Deum

1007 2345 1035 2371 et
1073 2336 1151 2370 beati
1194 2335 1357 2371 Benedicti
1393 2337 1533 2382 tegulam
1572 2338 1602 2372 in
1640 2338 1748 2373 eadem

1006 2398 1112 2421 eremo
1149 2385 1312 2420 institutus
1337 2397 1407 2420 esse
1434 2386 1644 2433 dignoscitur,
1681 2401 1751 2433 per-

1008 2435 1109 2483 petuis
1151 2433 1265 2469 ibidem
1304 2434 1496 2481 temporibus
1535 2436 1751 2471 inviolabiliter

1007 2485 1200 2520 observetur.

1058 2534 1135 2580 §5-
1175 2533 1335 2568 Praeterea
1373 2545 1591 2582 quascumque
1627 2547 1750 2582 posses

1007 2583 1123 2638 siones,
1145 2594 1362 2630 quaecumque
1383 2582 1464 2618 bona
1486 2584 1594 2618 eadem
1624 2597 1751 2620 eremus

1009 2634 1037 2667 in
1069 2632 1312 2678 praesentiarum
1339 2632 1419 2667 iuste
1439 2644 1475 2668 ac
1496 2634 1645 2669 canonice
1676 2647 1752 2682 pos-

1801 1611 1917 1633 Exordium,

1779 1854 1873 1875 Eremum
1895 1855 1948 1875 hane

1767 1885 1803 1906 suh
1815 1888 1949 1912 protectione

1766 1916 1787 1937 S.
1798 1917 1821 1937 Α.
1838 1917 1933 1943 suscipit.

1780 2248 1834 2268 Ordo
1851 2250 1949 2269 monasti-

1766 2283 1802 2298 cus
1819 2279 1846 2299 ibi
1868 2279 1948 2299 servari

1766 2315 1782 2329 m
1792 2310 1853 2330 ndu.

1780 2537 1833 2558 Bona
1851 2540 1919 2559 omn-'a
1932 2545 1948 2560 et

1766 2571 1851 2591 conliim
1862 2573 1882 2590 «t.
