2129 3223
902 246 997 268 iunssx
1025 245 1137 269 nanum
1657 236 1727 269 815

230 296 423 333 Guillelmus
439 298 560 345 primus
574 298 833 346 archiepiscopus
863 299 1132 347 Montisregalens.
1147 312 1162 335 a
1179 299 1276 334 Lucio
1292 300 1333 334 111
1356 300 1544 341 declaratur,
1561 302 1605 335 10
1622 302 1650 334 b.
1675 300 1777 336 Pallio

335 357 515 388 exornatur,
545 350 590 382 15
617 360 646 382 α.

230 396 424 433 Guillelmus
449 398 488 433 de
511 397 543 432 S
568 398 730 433 Antonino
754 398 936 434 Waldensis
964 399 1058 434 iidem
1085 398 1270 434 catholicam
1289 400 1475 456 profitetur,
1499 402 1570 435 246
1598 402 1625 435 b.

230 446 424 483 Guillelmus
445 449 613 495 episcopus
635 448 856 491 Bituricensis,
887 452 951 484 511
985 463 1015 484 α.
1043 449 1262 485 Committitur
1289 450 1452 498 inquisitio
1478 463 1575 498 super
1609 450 1778 485 virtutibus

331 506 362 533 et
383 498 546 533 miraculis
568 497 725 539 eiusdem,
753 500 828 534 ibid.
854 506 884 534 et
905 512 966 546 seq.

231 546 424 583 Guillelmus
446 548 616 604 episcopus
638 548 837 595 Magaloncn.
831 577 850 591 .,
873 552 944 584 297
968 552 995 584 b.
1023 549 1201 585 infeudatio
1228 550 1395 585 comitatus
1423 550 1580 596 Melgorii‚
1608 562 1663 585 seu
1692 550 1779 585 Mon-

335 597 495 633 tisferrant
517 598 586 633 eius
614 598 730 638 favore
753 601 828 633 z’ssbzd

230 647 424 683 Guillelmus
447 650 617 696 episcopus
643 648 849 684 pictavensis
887 650 919 682 V.
948 649 1124 685 pictavensi
1154 650 1308 698 episcopo
1330 659 1382 684 etc.

230 697 424 733 Guillelmus
452 698 536 744 prior
562 697 872 734 Grandimontensis
911 701 941 733 Γ
965 698 1270 735 Grandimontenses
1297 701 1442 735 monachi
1477 708 1530 734 etc

230 746 424 783 Guillelmus
450 748 478 782 ll
504 748 631 783 Siciliae
664 762 717 784 rex
741 749 857 784 Montis
884 748 1012 796 Regalis
1034 750 1189 785 abbatiam
1214 750 1384 789 construit
1424 752 1459 784 ll
1489 763 1519 784 a.
1554 750 1631 785 Eius
1670 762 1779 797 preces

331 807 363 833 ut
385 798 422 832 ad
446 798 684 845 metropolicam
714 799 897 845 dignitatem
928 799 1040 834 evehat
1062 800 1218 840 Pontifex,
1240 802 1315 834 ibid.
1344 802 1370 834 b.

230 847 438 883 Guimundus
460 847 499 882 de
520 847 624 883 Rocca
646 848 801 883 Romana.
837 850 871 883 V.
900 849 1080 885 Theanensi
1108 849 1270 885 Ecclesiae
1299 858 1351 884 etc.

231 895 408 944 Gurgensis
434 898 562 944 capituli
583 906 613 932 et
636 897 875 945 Salshurgensis
894 900 1123 947 archiepiscopi
1156 899 1324 935 concordia
1348 899 1552 934 confirmatur
1575 900 1649 933 inita
1683 911 1778 947 super

331 947 426 982 modo
453 948 590 994 eligendi
620 948 806 996 episcopum
831 948 1051 996 Gurgensem,
1079 952 1151 984 212
1178 963 1208 984 α.

985 1126 1029 1164 Η

231 1236 419 1272 Hadriensis
440 1236 582 1271 Ecclesia
607 1237 637 1271 in
660 1237 871 1272 cathedralem
896 1248 998 1272 erecta
1022 1238 1179 1272 Pennensi
1205 1238 1324 1282 unitur,
1347 1241 1416 1273 547
1445 1252 1475 1273 α.

230 1286 408 1322 Hartwicus
429 1286 612 1322 Bremensis
633 1286 903 1334 archiepiscopus.
939 1288 973 1321 V.
997 1287 1163 1322 Bremensi
1186 1287 1469 1335 archiepiscopatui
1493 1297 1545 1323 etc.

230 1335 385 1371 Haereses
412 1345 518 1371 eontra
546 1345 739 1372 sacramenta
763 1337 1077 1380 anathematizantur,
1106 1340 1144 1372 21
1175 1350 1204 1372 α.
1229 1337 1419 1372 Huiusmodi
1448 1339 1735 1373 excommunicatio
1757 1351 1773 1373 a

332 1385 533 1432 patriarchis,
571 1386 817 1433 archiepiscopis
853 1396 880 1421 et
908 1387 1067 1434 episcopis
1101 1388 1280 1434 praecipuis
1315 1387 1567 1423 solemnitatibus
1596 1388 1774 1423 innovanda

330 1436 491 1479 statuitur,
514 1438 587 1470 ibid.
616 1438 643 1470 b.

231 1485 386 1520 Haereses
412 1497 524 1524 omnes
547 1486 810 1529 condemnantur,
839 1488 885 1520 20
912 1487 941 1520 b.

228 1534 376 1569 Haeresis
397 1536 515 1570 crimen
544 1536 624 1570 inter
647 1535 773 1583 publica
804 1536 935 1571 crimina
960 1536 1206 1578 numerandum,
1230 1538 1300 1571 506
1323 1550 1352 1572 α.
1386 1538 1432 1572 De
1459 1549 1493 1571 ea
1517 1537 1650 1572 convicti
1681 1549 1773 1572 com-

329 1583 494 1626 burantur,
516 1586 591 1620 ibid.

229 1633 384 1669 Haeretici
419 1634 610 1670 damnantur
644 1643 674 1669 et
700 1636 1033 1677 excommunicantur,
1062 1638 1102 1670 21
1135 1649 1166 1675 α,
1197 1638 1268 1671 588
1295 1638 1322 1670 b.
1347 1636 1463 1671 Eorum
1488 1637 1625 1672 fautores
1653 1645 1683 1671 et
1709 1637 1771 1671 de-

328 1684 470 1719 fensores
492 1685 692 1728 damnantur,
727 1687 765 1719 21
800 1699 830 1720 α.
868 1685 990 1720 Poenae
1013 1694 1120 1720 contra
1151 1686 1291 1725 eosdem,
1321 1688 1391 1720 202
1424 1688 1451 1725 b,
1480 1691 1550 1721 5011ι
1575 1700 1605 1724 α,
1645 1687 1716 1720 589
1739 1699 1770 1720 α.

328 1733 478 1768 potestati
504 1735 655 1769 saeculari
678 1744 753 1769 sunt
777 1735 919 1769 tradendi
946 1744 979 1769 ut
1008 1736 1190 1783 puniantur,
1215 1739 1255 1769 21
1284 1738 1313 1777 b,
1337 1738 1406 1770 202
1430 1738 1458 1779 b,
1487 1739 1558 1771 504
1579 1749 1610 1770 α.
1639 1735 1771 1782 Suspe—

327 1791 450 1817 ctorum
475 1791 505 1818 et
527 1785 721 1830 relapsorum
746 1797 876 1840 poenae,
902 1787 972 1820 589
990 1798 1019 1819 ιι.
1043 1785 1092 1819 Ad
1121 1785 1289 1831 dignitates
1310 1799 1366 1820 nec
1389 1785 1462 1832 eligi
1486 1798 1542 1820 nec
1566 1787 1680 1831 eligere
1697 1798 1771 1831 pos-

327 1842 412 1872 suut
438 1834 506 1867 124
529 1836 558 1868 b.
585 1833 743 1869 Saeculari
772 1836 880 1869 curiae
908 1835 1061 1873 tr,adendi
1085 1836 1155 1869 588
1191 1837 1218 1869 b
1255 1835 1423 1877 Quomodo
1453 1812 1710 1882 [1011101111ἰῗ202
1739 1849 1769 1869 α

328 1881 528 1917 Sacramenta
547 1892 577 1918 et
603 1883 812 1918 ecclesiastica
834 1884 993 1932 sepultura
1017 1885 1062 1919 eis
1083 1893 1130 1919 est
1152 1884 1351 1931 deneganda,
1371 1886 1442 1919 205
1463 1898 1493 1919 a.
1516 1885 1637 1920 Statuta
1660 1892 1770 1919 contra

327 1944 381 1966 eos
394 1932 490 1977 edita,
508 1945 523 1967 a
541 1933 715 1968 rectoribus
736 1934 893 1968 civitatum
918 1934 1061 1978 iuranda,
1104 1936 1178 1968 1111.ιί
1209 1934 1326 1969 Eorum
1356 1935 1435 1968 hona
1459 1934 1535 1969 fisco
1571 1934 1770 1981 applicanda,

328 1981 381 2016 filii
410 1994 484 2016 vero
498 1984 709 2018 successionis
727 1984 793 2018 iure
813 1984 965 2030 privandi
981 1986 1096 2018 575a.
1119 1983 1318 2019 Poenitentes
1355 1993 1507 2031 perpetuo
1538 1995 1662 2019 carcere
1688 1996 1774 2017 man-

327 2031 466 2078 cipandi,
495 2034 565 2067 504
591 2046 621 2067 α.
650 2032 845 2078 Transfugae
867 2033 1024 2079 capiendi,
1047 2035 1121 2068 ibid.
1137 2033 1238 2068 Morte
1262 2033 1431 2080 plectendi,
1449 2036 1524 2068 ibid
1540 2032 1773 2087 Appellatiohnis

329 2080 480 2116 beneficio
516 2094 577 2116 non
604 2068 863 2128 gaudent,i''.b1d
892 2083 1011 2118 Eorum
1036 2084 1149 2130 posteti
1179 2084 1301 2127 officiis,
1332 2083 1493 2118 beneficiis
1526 2092 1555 2117 et
1590 2095 1773 2129 possessto-

328 2130 422 2165 nibus
445 2131 597 2178 privandi
604 2109 701 2166 ²:issibid
731 2132 856 2180 Reperti
881 2132 1120 2180 inquisitoribus
1148 2133 1372 2179 consignandi
1395 2134 1469 2167 ibid.
1495 2132 1682 2167 Retelantes
1704 2144 1772 2166 ser-

328 2180 417 2214 vandi
446 2180 629 2225 indemnes,
658 2184 727 2216 505
761 2196 792 2217 α.
822 2182 1021 2230 Ubicumque
1051 2182 1167 2218 fuerint
1199 2183 1361 2230 capiendi⁷
1393 2184 1469 2216 thid.
1505 2181 1720 2217 Coiuhurendi
1745 2183 1770 2216 si

327 2230 565 2270 convincantur,
589 2232 660 2266 506
682 2244 711 2266 a.
736 2232 853 2266 Eorum
875 2233 958 2267 fraus
980 2234 1054 2266 ibid.
1083 2235 1111 2266 b.
1141 2232 1202 2279 Ipsi
1232 2244 1404 2279 eorumque
1427 2232 1563 2266 fautores
1591 2231 1694 2266 banno
1716 2243 1772 2265 ex-

331 2280 469 2327 ponendi
497 2289 656 2315 eteorum
689 2281 767 2316 bona
798 2282 1005 2330 publicanda,
1029 2285 1091 2317 551
1129 2285 1156 2316 b.
1190 2282 1442 2317 Constitutiones
1477 2290 1582 2316 contra
1611 2293 1666 2316 eos
1693 2281 1772 2316 latae

327 2330 553 2377 capitularibus
575 2331 733 2366 civitatum
761 2332 1088 2371 suntiuscrihendae,
1118 2334 1187 2366 552
1215 2345 1235 2367 α
1275 2340 1304 2367 et
1332 2345 1391 2377 seq.
1425 2333 1495 2367 558
1517 2333 1544 2365 b.
1574 2330 1622 2365 Ad
1645 2342 1700 2365 eos
1723 2330 1773 2365 inm

329 2379 482 2415 dicendos
506 2381 723 2428 unusquisque
754 2389 888 2427 tenetur,
924 2384 993 2417 589
1029 2395 1057 2416 a.
1087 2381 1276 2416 Huiusmodi
1304 2381 1546 2417 constitutiones
1575 2380 1680 2427 legere
1713 2389 1772 2422 est,

330 2430 400 2463 598
431 2431 459 2463 b.
491 2430 707 2471 Declar,antur
736 2432 800 2466 611
827 2445 859 2477 a,
889 2434 959 2467 665
986 2446 1015 2466 α.
1045 2432 1121 2478 Ipsi
1148 2444 1321 2479 eorumque
1344 2443 1480 2466 consocii
1495 2430 1532 2466 ad
1551 2430 1773 2466 beneficiaec—

328 2478 498 2514 clesiastica
531 2480 694 2520 inhabiles
726 2483 795 2515 589
823 2495 851 2516 α
888 2482 938 2516 Ab
966 2494 1075 2516 eorum
1109 2481 1283 2516 fautoribus
1307 2481 1563 2528 resipiscentibus
1594 2481 1699 2516 cautio
1725 2489 1771 2515 est

329 2530 525 2574 praestanda
550 2531 613 2563 561
642 2532 671 2574 b,
700 2531 769 2565 665
793 2532 1050 2574 11,66611,667
1074 2533 1101 2565 b
1127 2530 1311 2579 lnlirmiqui
1330 2543 1404 2566 sana
1422 2530 1769 2566 menteliaereticorum

329 2579 598 2614 consolamentum
633 2588 758 2626 petunt,
794 2593 856 2615 non
880 2589 1070 2616 excusantur
1096 2593 1132 2616 eo
1156 2581 1239 2628 quod
1256 2589 1397 2629 tempore
1420 2589 1561 2628 receptae
1579 2580 1772 2615 consolatio·

329 2627 378 2661 nis
399 2639 494 2663 sanae
524 2629 638 2663 mentis
666 2641 727 2663 non
750 2639 865 2671 essent,
894 2632 964 2666 666
986 2643 1015 2665 α.
