2129 3223
217 290 243 316 (Ζ,
263 290 327 317 1232

160 1038 178 1057 <⁵

169 1038 263 1063 'agantur
280 1037 330 1058 tm-

149 1076 155 1088 t
183 1070 207 1088 iri
219 1070 271 1089 alios
282 1069 329 1089 hae-

149 1106 168 1119 r>
183 1106 225 1120 tw}
247 1103 268 1120 el
294 1105 329 1120 cr-

193 1137 201 1150 s
233 1131 330 1151 conscio:

164 1788 337 1813 Domo-nubilae<

156 1826 196 1843 rint
210 1820 338 1846 iniverunt]-

156 1853 254 1876 ruenrlao,
271 1855 292 1872 ot
303 1852 338 1872 do-

157 1885 205 1904 mnii
213 1884 293 1904 illarum
303 1888 339 1910 pu-

393 279 460 312 556

345 350 553 392 praesentare,
572 353 628 389 pro
654 339 880 375 examinatione
919 337 957 374 de
989 337 1085 385 ipsis,

345 403 375 429 et
400 404 507 428 eorum
535 390 654 426 haeresi
677 389 827 425 facienda.

646 462 713 498 Lex
733 464 791 497 24.

394 538 414 585 S
435 539 491 572 25,
515 536 686 571 Damnatus
705 545 777 569 vero
801 533 839 568 dc
876 531 995 568 haeresi
1031 542 1086 578 per

163 594 272 615 [mnam
293 599 329 614 “³-
345 589 578 630 dioecesanum,
602 585 646 620 vel
669 585 738 620 eius
765 583 924 622 vicarium,
947 593 1002 616 seu
1033 592 1087 628 per

150 633 156 637 ⁶
170 628 209 648 iviit
224 626 330 651 magistra-

158 663 178 676 „5
204 660 222 675 ut
237 656 328 682 pieria...
345 637 546 686 inquisitores
568 634 753 683 praedictos,
777 641 923 680 potestas,
952 630 998 664 vet
1037 642 1086 665 re-

343 697 419 730 ctor,
442 685 488 721 vel
511 687 580 720 eius
607 684 741 719 nuncius
763 682 907 730 specialis
937 693 990 715 eos
1027 679 1085 714 sibi

344 737 467 772 relictos
489 735 628 782 recipiat,
643 734 759 777 statim,
778 733 821 766 vel
846 731 923 766 infra
946 730 1085 777 quinque

342 786 410 821 dies
431 786 467 821 ad
497 786 614 828 minus,
645 784 725 819 circa
763 794 817 817 eos
848 779 1085 816 constitutiones

342 844 447 871 contra
471 835 546 870 tales
568 834 666 869 editas
692 840 880 868 servaturus.

644 905 707 940 [ΕΣ
726 906 783 939 25.

393 980 412 1028 5
433 980 491 1014 26.
519 978 677 1013 Teneatur
699 983 856 1024 praeterea
872 981 1084 1020 potestas,seu

346 1038 445 1065 rector
471 1039 581 1063 omnes
602 1026 787 1065 haereticos,
805 1036 886 1071 quos
907 1030 1014 1070 captos
1036 1022 1086 1056 ha-

346 1079 456 1118 buerit,
478 1088 589 1123 cogere
611 1076 687 1111 citra
731 1074 861 1110 membri
901 1071 1084 1107 diminutio-

346 1141 429 1173 nem,
451 1135 481 1162 et
502 1127 612 1162 mortis
634 1124 821 1173 periculum,
837 1132 993 1170 tamquam
1017 1132 1086 1155 vere

346 1179 492 1221 latrones,
513 1185 543 1211 et
566 1174 737 1211 homicidas
757 1175 943 1216 animarum,
962 1180 991 1206 et
1002 1171 1086 1205 sures

343 1234 608 1263 sacramentorum
633 1224 701 1264 Dei,
723 1232 754 1259 et
791 1223 860 1257 fidei
889 1222 1086 1260 christianae,

343 1289 464 1313 errores
490 1288 563 1310 snos
590 1286 736 1322 expresse
758 1273 859 1311 fateri,
888 1279 918 1306 et
939 1281 1087 1306 accusare

344 1327 420 1362 alios
434 1326 620 1368 haereticos,
638 1336 717 1371 quos
738 1323 852 1361 sciunt,
879 1329 909 1355 et
932 1321 1011 1355 bona
1033 1331 1088 1354 eo-

344 1388 424 1416 rum,
447 1383 477 1410 et
498 1373 673 1411 credentes,
696 1381 725 1407 et
748 1379 967 1417 receptatores,
983 1377 1012 1404 et
1035 1369 1088 1404 de-

345 1426 485 1461 sensores
511 1435 632 1463 eorum,
654 1421 734 1457 sicut
760 1428 914 1466 coguntur
946 1420 1028 1454 fures
1059 1427 1088 1453 et

346 1475 481 1510 latrones
512 1485 614 1508 rerum
660 1470 876 1518 temporalium
894 1497 901 1509 ,
943 1480 1087 1503 accusare

346 1536 420 1559 suos
446 1522 629 1570 complices,
647 1530 677 1555 et
703 1520 788 1555 fateri
816 1519 978 1558 maleficia,
1009 1530 1089 1565 quae

346 1573 498 1609 fecerunt.

657 1650 721 1685 LEx
746 1653 802 1684 26.

399 1735 419 1783 g
439 1736 496 1770 27.
525 1732 646 1768 Domus
667 1739 783 1774 autem,
811 1729 840 1764 in
861 1712 923 1776 qua
950 1735 1092 1775 repertus

351 1786 443 1821 fuerit
465 1783 577 1830 aliquis
604 1780 791 1823 haereticus,
835 1779 881 1813 vel
915 1777 1092 1819 ltaeretica,

351 1837 421 1871 sine
449 1832 509 1868 ulla
532 1843 585 1877 spe
612 1827 820 1866 reaedificandi
859 1826 999 1862 funditus
1037 1825 1094 1860 de-

352 1890 502 1923 struatur3
519 1881 578 1916 nisi
601 1879 749 1915 dominus
765 1877 877 1912 domus
900 1888 953 1912 eos
976 1875 1093 1910 ibidem

353 1931 562 1982 procuraverit
588 1929 728 1977 reperiri.
747 1927 786 1963 Et
801 1927 824 1962 si
841 1927 986 1961 dominus
1011 1925 1095 1960 illius

353 1984 477 2023 domus,
504 1980 578 2016 alias
605 1978 715 2014 domos
753 1976 897 2012 ltabuerit
934 1975 1095 2021 contiguas

354 2034 396 2068 illi
418 2030 538 2075 domui,
559 2041 668 2065 omnes
703 2028 771 2063 illae
806 2026 918 2061 domus
952 2025 1096 2060 similiter

354 2083 565 2123 destruantur,
588 2087 617 2114 et
639 2078 732 2117 bona,
746 2088 825 2124 quae
840 2075 952 2110 fuerint
971 2075 1096 2109 inventa

355 2134 384 2168 in
413 2131 508 2166 domo
529 2129 591 2168 illa,
613 2128 690 2164 etin
713 2125 859 2162 domibus
887 2125 945 2159 illis
981 2123 1098 2158 adhae-

357 2181 508 2225 rentibus,
536 2177 743 2228 publicentur,
773 2184 802 2211 et
845 2174 918 2209 fiant
952 2172 1099 2209 auferen—

357 2232 445 2272 tium,
472 2229 530 2265 nisi
565 2227 739 2263 miserentes
779 2224 893 2260 fuerint
928 2225 957 2258 in
998 2222 1099 2258 officio

358 2279 528 2317 constituti.
571 2278 611 2313 Et
650 2278 777 2324 insuper
810 2274 955 2309 dominus
988 2272 1101 2307 domus

359 2331 454 2375 illius,
477 2336 597 2376 praeter
618 2335 720 2362 notam
745 2324 889 2360 infamiae
922 2329 1100 2371 perpetuae,

360 2392 453 2429 quam
482 2379 630 2418 incurrat,
652 2383 818 2423 componat
833 2372 1004 2410 Communi
1030 2371 1102 2406 civi-

362 2431 431 2465 tatis
453 2428 498 2462 vel
522 2428 578 2463 loci
615 2426 838 2473 quinquaginta
871 2423 964 2458 libras
1004 2422 1102 2468 impe-

362 2481 453 2515 riales
472 2479 501 2513 in
525 2477 653 2525 pecunia
678 2483 849 2518 numerata,
870 2485 962 2520 quam
986 2472 1011 2507 si
1042 2482 1102 2505 non

363 2528 498 2567 solverit,
522 2528 551 2561 in
576 2533 728 2574 perpetuo
751 2535 874 2559 carcere
907 2521 1101 2557 detrudatur.

364 2578 489 2624 Burgus
512 2585 612 2612 autem
638 2575 699 2614 ille,
723 2575 752 2608 in
775 2585 837 2620 quo
856 2571 1000 2607 haeretici
1024 2569 1103 2617 capti

368 2627 492 2670 suerint,
521 2626 564 2661 vel
589 2624 715 2664 inventi,
743 2631 909 2670 componat
936 2619 1105 2656 Communi

369 2676 497 2711 civitatis
523 2674 617 2710 libras
650 2684 799 2710 centurn:
839 2679 869 2707 et
905 2670 974 2706 villa
1014 2669 1107 2704 libras

918 282 1017 305 Bul-LA
1023 281 1102 304 tum]
1126 279 1287 304 Romanum

1126 334 1363 384 quinquaginta,
1379 335 1542 370 et‘viciuia
1566 342 1627 370 tam
1649 334 1752 382 burgi,
1774 346 1868 382 quam

1126 385 1258 441 civitatis
1279 384 1374 440 libras
1405 384 1628 432 quinquaginta
1660 383 1867 432 imperialium

1127 448 1156 470 iu
1176 446 1307 482 pecunia
1331 442 1501 469 numerata.

1453 506 1524 541 Lux
1551 508 1608 540 27.

1173 579 1193 627 g
1219 581 1276 614 28.
1298 578 1499 626 Quicumque
1518 589 1590 613 vero
1623 577 1715 614 fuerit
1755 577 1869 626 dcpre·
1895 596 2065 624 Qffiddfflffio.

1126 629 1242 664 liensus
1263 629 1337 664 dare
1360 628 1451 664 alicui
1475 627 1643 669 haeretico,
1679 627 1724 663 vel
1757 628 1940 663 haere-*³¹³⁰-
1969 628 2063 649 ¹¹³⁸‘021-

1883 665 1961 681 eorum.

1126 679 1215 720 ticae,
1237 679 1416 717 consilium,
1439 677 1486 712 vel
1509 677 1672 722 auxilium,
1694 689 1750 713 seu
1782 677 1868 712 favo-

1125 741 1203 770 rem,
1226 736 1347 776 praeter
1373 727 1462 762 aliam
1492 738 1624 774 poenam
1658 727 1802 773 superius
1839 734 1869 761 et

1126 778 1255 813 inferius
1277 784 1499 825 praetaxatam,
1522 788 1558 811 ex
1591 785 1665 811 tunc
1699 776 1766 824 ipso
1802 776 1868 812 iure

1126 829 1156 862 in
1179 835 1365 875 perpetuum
1388 826 1428 862 sit
1448 825 1549 860 factus
1573 825 1709 870 infamis,
1747 837 1806 860 nec
1839 826 1868 860 in

1126 877 1249 925 publica
1271 876 1381 917 officia,
1400 888 1457 911 seu
1479 875 1620 920 consilia,
1651 874 1697 910 vel
1739 875 1776 910 ad
1813 875 1870 910 eli—

1124 926 1244 974 gendos
1265 925 1387 973 aliquos
1407 925 1446 960 ad
1472 925 1665 966 huiusmodi,
1688 936 1746 960 nec
1766 923 1804 959 ad
1821 932 1870 960 te—

1125 976 1304 1011 stimonium
1327 974 1518 1013 admittatur,
1541 976 1579 1009 sit
1610 974 1704 1010 etiam
1735 974 1870 1010 intesta-

1125 1026 1204 1070 bilis,
1232 1034 1264 1060 ut
1290 1036 1348 1060 nec
1382 1025 1555 1059 testamenti
1594 1024 1722 1059 liberam
1760 1023 1871 1059 habeat

1125 1076 1303 1115 factionem,
1323 1086 1379 1109 nec
1401 1073 1439 1108 ad
1467 1073 1664 1109 haereditatis
1697 1074 1871 1109 successio-

1126 1138 1195 1160 nem
1212 1124 1349 1160 accedat.
1359 1123 1473 1158 Nullus
1484 1131 1642 1170 praeterea
1651 1123 1677 1159 ei
1687 1135 1782 1171 super
1795 1135 1871 1171 quo-

1126 1186 1263 1223 cumque
1289 1173 1425 1220 negotio,
1444 1173 1498 1207 sed
1521 1173 1588 1220 ipse
1603 1172 1654 1208 alii
1682 1173 1870 1220 respondere

1127 1232 1266 1272 cogatur.
1282 1223 1374 1266 Quod
1397 1223 1421 1257 si
1443 1221 1522 1257 forte
1537 1222 1630 1257 iudex
1645 1221 1790 1263 extiterit,
1804 1222 1871 1257 eius

1127 1274 1278 1310 sententia
1307 1272 1425 1308 nullam
1448 1271 1585 1307 obtineat
1599 1271 1791 1311 firmitatem,
1815 1284 1871 1306 nec

1127 1336 1239 1359 causae
1267 1323 1388 1369 aliquae
1409 1321 1448 1356 ad
1475 1322 1543 1357 eius
1577 1321 1768 1357 audientiam
1801 1333 1873 1368 per-

1129 1374 1278 1409 forantur.
1302 1371 1333 1407 Si
1360 1370 1453 1406 fuerit
1473 1371 1653 1413 advocatus,
1675 1371 1742 1406 eins
1769 1380 1873 1418 patro-

1128 1423 1246 1458 cinium
1274 1421 1452 1457 nullatenus
1473 1420 1664 1456 admittatur.
1686 1420 1719 1456 Si
1736 1419 1872 1461 tabellio,

1130 1473 1338 1507 instrumenta
1359 1469 1499 1506 confecta
1523 1483 1578 1519 per
1612 1471 1716 1519 ipsum
1756 1469 1873 1505 nullius

1131 1522 1255 1569 penitus
1277 1521 1339 1556 sint
1357 1520 1518 1555 momenti.
1541 1519 1715 1555 Credentes
1745 1531 1873 1567 quoque

1130 1570 1288 1626 erroribus
1315 1569 1542 1605 haereticorum
1571 1576 1727 1617 tamquam
1761 1568 1874 1604 haere-

1130 1628 1182 1656 tici
1211 1620 1388 1668 puniantur.

1427 1691 1498 1726 Lssx
1520 1693 1577 1726 28.

1181 1764 1200 1811 S
1221 1767 1278 1798 29.
1302 1763 1458 1797 Tenentur
1481 1763 1608 1810 insuper
1639 1769 1786 1810 potestas,
1819 1775 1875 1799 seu

1134 1828 1246 1863 rector,
1269 1818 1394 1853 nomina
1423 1817 1557 1852 virorum
1579 1817 1734 1856 omnium,
1761 1817 1815 1864 qui
1837 1817 1875 1853 de

1135 1872 1252 1908 haeresi
1280 1871 1395 1906 fuerint
1418 1870 1568 1909 infamati,
1591 1871 1637 1907 vel
1676 1871 1807 1911 banniti,
1844 1872 1875 1907 in

1134 1935 1266 1975 quatuor
1309 1925 1423 1961 libellis
1470 1927 1562 1960 unius
1610 1925 1726 1962 tenoris
1775 1925 1877 1962 facere

1135 1981 1288 2021 annotari,
1315 1993 1447 2028 quorum
1477 1992 1574 2015 unum
1597 1979 1774 2016 Commune
1801 1980 1878 2016 civi-

1137 2037 1219 2078 tatis,
1243 2036 1286 2070 vel
1310 2035 1367 2070 loci
1400 2034 1524 2074 habeat,
1561 2042 1591 2069 et
1626 2034 1721 2070 alium
1755 2034 1879 2071 dioece-

1137 2102 1243 2128 sanus,
1271 2097 1301 2123 et
1321 2089 1447 2124 tertium
1481 2088 1589 2124 fratres
1622 2088 1878 2128 Praedicator-es,

1137 2153 1166 2179 et
1192 2151 1336 2191 quartum
1360 2142 1468 2178 fratres
1497 2142 1647 2182 Minores,
1678 2150 1709 2177 et
1740 2143 1878 2190 ipsorum

1138 2210 1263 2233 nomina
1287 2206 1332 2232 ter
1353 2198 1382 2232 in
1406 2209 1500 2237 anno,
1521 2205 1551 2232 et
1574 2197 1604 2231 in
1636 2196 1788 2232 concione
1819 2209 1881 2244 pu-

1140 2251 1217 2287 blica
1240 2252 1422 2286 solemniter
1445 2250 1534 2286 faciat
1562 2250 1693 2286 recitari.

1433 2322 1503 2357 Lex
1525 2324 1581 2358 29.

1189 2398 1208 2444 g
1243 2399 1297 2432 50.
1320 2396 1476 2432 Teneatur
1498 2406 1623 2442 quoque
1646 2401 1792 2441 potestas,
1825 2406 1881 2430 seu

1143 2458 1254 2492 rector,
1282 2450 1362 2486 filios
1383 2458 1413 2485 et
1446 2456 1574 2497 nepotes
1597 2447 1822 2483 haereticorum
1852 2457 1882 2484 et

1143 2514 1389 2552 receptatorum‚
1420 2504 1620 2539 defensorum
1663 2509 1693 2537 et
1727 2501 1902 2538 fautorum·

1144 2559 1307 2606 diligenter
1329 2558 1525 2605 investigare,
1552 2567 1668 2604 eosque
1689 2556 1725 2592 ad
1758 2557 1882 2605 aliquod

1144 2613 1280 2649 officium
1305 2612 1477 2661 publicum,
1499 2624 1553 2647 seu
1580 2611 1747 2646 consilium
1779 2611 1884 2647 nulla-

1147 2677 1235 2703 tenus
1253 2667 1415 2703 admittere
1436 2666 1466 2700 in
1489 2664 1637 2700 futurum.

1883 281 1930 307 An.
1950 280 1979 307 C.
1997 280 2063 307 1252

1901 1777 2060 1800 {laet-eticorum

1888 1810 1974 1830 nomina
1987 1809 2071 1830 desert-

1889 1841 1958 1862 benaa
1971 1843 1992 1862 et
2005 1840 2073 1868 publi-

1889 1872 1962 1893 canda.

1908 2406 1982 2428 Eorum
1999 2406 2036 2428 filii
2050 2407 2076 2428 ad

1895 2436 1966 2461 officia
1979 2438 2076 2459 imbues.
