2129 3223
403 241 474 273 (582

352 305 470 340 ordinis
492 301 655 345 habeatur,
681 312 717 335 ac
738 299 850 335 caeteri
878 298 988 334 fratres
1009 299 1096 334 eius-

351 356 420 390 deu·
437 353 557 388 ordinis
578 359 742 386 teneantur
760 362 798 385 ex
821 358 894 384 tunc
916 350 943 384 ei
967 349 1096 384 firmiter

350 403 478 439 obedire
500 402 530 436 in
555 401 614 445 liis,
641 411 723 448 qnae
749 400 961 448 promiserunt
984 411 1018 434 se
1039 398 1095 433 ΑΙ-

351 462 470 487 tissimo
497 460 685 487 servaturos.

396 502 416 550 S
443 503 500 536 51.
528 501 574 535 Ad
604 501 697 535 huius
719 507 823 534 antem
852 497 995 545 generale
1014 497 1094 544 capi-

166 558 197 593 De,
227 557 334 579 'mmm
349 552 460 590 tulum.
482 563 553 585 cum
572 550 662 585 fuerit
682 548 918 592 celebrandum,
936 549 1095 582 mittantur

153 588 245 616 ⁰⁰⁹¹¹⁰¹¹'
348 602 411 636 duo
433 600 542 635 fratres
563 600 602 635 de
623 599 763 647 quolibet
785 598 856 634 loco
878 598 953 633 dicti
976 597 1094 632 ordinis

347 659 401 685 aut
414 651 452 685 de
466 649 603 697 qnalibet
615 650 736 685 civitate
750 649 839 683 electi
853 659 870 682 a
884 647 1094 683 conventuali·

347 700 406 735 bus
422 701 586 736 etahaliis
599 698 758 742 fratribus,
787 698 841 745 qui
864 699 893 731 in
915 697 1094 733 civitatibus

347 759 399 785 aut
435 751 513 785 locis
546 749 614 784 aliis
653 748 737 783 illius
763 747 931 787 dioecesis,
966 747 997 782 in
1032 759 1091 795 qna

346 800 426 835 situs
458 808 506 834 est
528 799 616 834 locus
643 797 931 842 coniventualis„in
959 797 1093 844 propriis

345 849 492 885 domibus
513 856 761 884 commorantur.

394 899 414 947 S
437 901 493 934 52.
520 898 661 945 Singulis
682 897 773 932 annis
795 895 958 931 visitentur
984 895 1093 930 fratres

162 955 258 977 V¹⁵t¹⁵¹¹0
278 961 333 983 quo·
346 960 459 984 omnes
492 956 553 983 tatn
589 947 824 991 conventuales,
857 958 951 993 qnam
981 945 1029 980 alii
1061 947 1092 979 in

148 986 332 1043 llil-‘ildinw‘r'
346 999 479 1046 singulis
501 998 577 1033 locis
598 1009 706 1032 eorum
731 1009 786 1044 per
806 996 983 1042 generalem
1008 1007 1094 1042 prae-

346 1048 455 1088 latum,
478 1047 526 1082 vel
549 1059 604 1095 per
624 1048 759 1094 aliquem
782 1046 877 1081 alium
907 1045 980 1079 dicti
1007 1045 1093 1079 ordi-

347 1099 406 1139 nis,
427 1097 602 1134 secundum
624 1096 707 1144 quod
735 1095 839 1131 eidem
862 1094 1000 1141 generali
1022 1106 1093 1129 me-

344 1147 406 1183 lius
427 1146 581 1182 videbitur
602 1145 768 1194 expedire;
791 1145 946 1192 generalis
969 1157 1041 1180 vero
1062 1152 1093 1179 et

344 1197 388 1232 illi
415 1198 467 1245 qui
492 1205 648 1244 praeerunt
669 1195 816 1230 fratribus
843 1195 942 1242 ipsius
971 1193 1093 1230 ordinis

344 1246 375 1281 in
402 1247 534 1294 singulis
566 1247 643 1281 locis
675 1244 806 1280 sollicite
828 1245 958 1291 vigilent
983 1253 1013 1279 et
1039 1253 1092 1279 at-

343 1296 473 1332 tendant
506 1296 638 1344 qualiter
671 1294 766 1329 iidem
794 1293 904 1329 fratres
937 1306 985 1334 ea,
1013 1305 1093 1341 qnae

343 1345 507 1381 Altissiino
539 1345 766 1393 promiserunt,
801 1351 833 1379 et
867 1343 1002 1390 qualiter
1037 1343 1094 1377 hu·

346 1396 482 1431 insmodi
525 1395 664 1442 regulam
702 1392 867 1429 observare
906 1401 1090 1440 procurent:

346 1447 474 1493 vigilent
494 1445 601 1485 etiam,
621 1451 652 1478 et
681 1443 843 1478 attendant
868 1443 1002 1489 qualiter
1031 1442 1093 1476 sra-

344 1503 408 1531 tres
453 1494 514 1542 ipsi
553 1494 592 1528 de
629 1493 712 1528 bono
746 1493 776 1527 in
816 1492 929 1527 melius
968 1503 1093 1538 semper

345 1545 525 1592 proficiant,
550 1552 581 1578 et
602 1543 738 1590 qualiter
759 1541 955 1588 negligentes
980 1549 1011 1575 et
1037 1541 1094 1575 de-

345 1596 524 1642 linquentes
545 1592 764 1639 cor-rimantur,
791 1599 822 1626 et
845 1591 1026 1638 provideant
1048 1600 1094 1625 ta-

346 1644 415 1680 liter
448 1644 528 1678 circa
557 1654 624 1682 eos,
652 1641 735 1689 quod
765 1652 804 1675 ex
832 1640 1014 1675 huiusmodi
1044 1652 1094 1674 re-

345 1694 464 1741 ligione
496 1692 575 1728 odor
608 1691 709 1726 bonae
750 1691 829 1724 vitae
867 1690 1026 1736 proveniat
1064 1698 1093 1724 et

346 1743 519 1779 sanctitatis
542 1741 734 1788 exemplum.
757 1739 945 1774 provideant
966 1739 1095 1787 insuper

347 1806 387 1829 ne
415 1805 469 1840 per
490 1792 636 1826 scandala
658 1800 688 1825 et
707 1789 891 1824 insolentias
912 1788 1092 1835 aliquorum

347 1843 460 1879 caeteri
499 1841 639 1877 eiusdem
673 1840 792 1874 ordinis
827 1838 935 1873 fratres
975 1839 1094 1885 possint

347 1891 584 1941 quomodolibet
619 1889 769 1924 infamari.
794 1888 840 1922 Ne
868 1900 939 1923 vero
967 1888 1092 1935 praelati

157 254 209 282 An.
223 253 253 282 C.
272 253 335 282 1261

348 1943 393 1978 vel
429 1942 564 1976 maiores
597 1939 670 1974 dicti
705 1939 825 1974 ordinis
850 1938 1009 1973 voluntate
1038 1950 1117 1985 pro-

347 1992 417 2038 lege
450 1999 576 2026 utantur
607 1990 637 2023 in
672 1987 879 2035 corripiendis
911 1987 1094 2022 excessibus

347 2041 559 2084 subditorum,
574 2039 598 2074 si
614 2038 742 2086 quidem
754 2049 903 2073 excessus
917 2038 1093 2084 aliquorum

347 2104 458 2140 graves
484 2099 514 2126 et
536 2089 648 2124 notorii
672 2088 797 2129 suerint,
820 2088 901 2122 circa
922 2087 1094 2122 correctio-

347 2153 420 2178 nem
442 2152 552 2176 eorum
575 2140 737 2186 requirant
758 2145 788 2172 et
806 2137 938 2172 habeant
965 2137 1093 2171 fratrum

348 2204 477 2228 snorum
493 2189 652 2226 seniorum
672 2197 702 2222 et
724 2187 903 2234 graviorum
926 2186 1093 2221 consilium

348 2250 378 2276 et
403 2252 580 2280 assensum,
603 2247 646 2280 nt,
668 2238 750 2272 iuxta
771 2238 900 2272 modum
918 2237 1095 2283 culparum,

348 2294 449 2338 possit
463 2289 687 2325 convenienter
700 2287 905 2322 correctionis
919 2286 1094 2321 remedium

155 2342 287 2393 4¹¹¹.⁵¹s²',⁰¹¹³⁵
303 2348 336 2394 ⁰¹3
349 2340 501 2375 adhiberi.
529 2339 565 2373 ln
592 2337 749 2385 aliquibus
775 2337 901 2372 statutis
925 2345 955 2371 et
976 2335 1094 2370 ordina—

169 2378 321 2425 Qidtissss
351 2391 487 2425 tionibus
513 2388 588 2424 dicti
616 2387 746 2427 ordinis,
768 2387 907 2434 exceptis
928 2385 989 2426 his,
1015 2396 1094 2431 quae

155 2436 335 2486 iili¹¹m⁰b¹'‘³'³'
351 2441 551 2474 continentur
578 2438 608 2472 in
637 2437 824 2484 praescripta
850 2437 948 2471 forma
975 2434 1094 2482 profes-

352 2491 449 2524 sionis
482 2496 511 2524 et
545 2487 758 2526 obedientiae,
793 2485 925 2533 aliisque
960 2496 1093 2532 quorum

352 2538 558 2584 transgressio
583 2536 767 2583 obligatoria
800 2545 847 2571 est
881 2535 920 2571 ad
957 2534 1093 2581 culpam,

353 2598 413 2620 non
436 2587 611 2633 obligentur
633 2587 742 2622 fratres
763 2585 800 2621 ad
825 2597 956 2633 poenam
978 2592 1095 2619 morta-

353 2634 390 2668 lis
418 2638 547 2681 peccati7
583 2638 637 2670 sed
670 2636 772 2671 solum
795 2636 830 2670 ad
864 2646 997 2682 poenam
1024 2646 1116 2670 cor-i

935 243 1123 268 mur-Artium
1143 242 1306 267 ROMANUM

1136 299 1284 334 rectionis
1305 306 1336 334 et
1366 298 1562 347 disciplinae,
1584 297 1758 335 dummodo
1779 299 1879 348 parati

1134 348 1197 383 sint
1224 361 1280 396 pro
1299 348 1487 395 negligentia
1506 357 1535 384 et
1562 348 1810 396 transgressione
1830 360 1882 384 eo-

1135 410 1216 438 rum,
1235 410 1315 446 quae
1334 398 1364 432 in
1388 398 1568 434 huiusmodi
1590 398 1696 446 regula
1714 399 1881 434 continen-

1135 455 1194 487 tur,
1209 448 1452 484 satisfactionem
1468 449 1513 483 eis
1527 449 1700 484 iniunctam
1722 448 1881 484 humiliter

1134 497 1311 544 suscipere,
1350 510 1386 533 ac
1424 498 1607 534 obedienter
1642 506 1673 534 et
1713 498 1881 534 efficaciter

1134 547 1319 594 adimplere⁷
1345 556 1535 595 cooperante
1566 548 1668 596 ipsius
1694 550 1792 596 gratia
1813 548 1880 584 Do-

1134 597 1210 631 mini
1235 605 1266 632 et
1290 597 1511 646 Redemptoris
1534 598 1631 633 nostri
1653 598 1725 634 Iesu
1747 598 1878 639 Christi,

1133 647 1185 693 qui
1212 658 1284 682 cum
1310 647 1400 683 Patre
1420 656 1451 682 et
1471 647 1594 695 Spiritu
1617 647 1734 684 Sancto
1754 648 1828 683 vivit
1848 656 1879 683 et

1134 704 1241 743 regnat
1267 696 1356 732 Deus
1382 710 1437 745 per
1458 698 1563 733 omnia
1590 698 1713 734 saecula
1734 697 1880 734 saeculo-

1134 758 1213 780 rum.

1181 795 1264 830 Nulli
1301 807 1376 843 ergo
1412 796 1543 831 omnino
1582 797 1746 833 hominnm
1785 796 1878 833 liceat

1132 844 1211 880 hanc
1242 846 1387 892 paginam
1422 855 1546 882 nostrae
1582 847 1796 883 concessionis
1827 847 1879 882 in-

1133 895 1268 941 fringere
1294 903 1348 930 etc.

1179 944 1295 980 Datum
1330 944 1462 980 Viterbii
1497 946 1621 982 decimo
1652 945 1801 983 kalendas
1833 945 1880 981 ia-

1133 995 1245 1035 nuarii,
1269 995 1467 1042 pontificatus
1488 997 1586 1032 nostri
1609 1009 1693 1032 anno
1716 996 1828 1044 primo.

1171 1054 1231 1085 Dat.
1248 1054 1294 1085 die
1306 1054 1344 1085 ⁶23
1359 1055 1491 1086 decemb.
1507 1056 1594 1094 1261,
1611 1056 1714 1096 pontif.
1729 1065 1805 1087 anno
1819 1064 1839 1086 1.

1478 1196 1531 1232 ΠΙ.

1135 1277 1337 1312 Canoni'zatt'o
1363 1279 1473 1314 Sancti
1499 1279 1651 1313 Richardi
1673 1279 1804 1324 episcopi
1827 1280 1880 1314 Gi-

1181 1335 1302 1362 cestren.
1338 1329 1372 1362 in
1404 1329 1535 1373 Αηρῑὶα,
1567 1329 1689 1374 eiusque
1713 1331 1821 1364 relatio
1845 1331 1879 1362 in

1182 1389 1341 1411 numerum
1372 1386 1547 1412 sanctorum
1566 1379 1782 1423 consessorum,
1809 1390 1879 1413 cum

1180 1429 1368 1461 institutione
1404 1429 1576 1472 festivitatis
1606 1440 1666 1473 pro
1707 1430 1756 1462 die
1790 1430 1879 1462 tertia

1180 1479 1288 1510 mensis
1309 1478 1431 1522 aprilis.

1399 1554 1613 1586 SUMMARIUM

1133 1621 1319 1653 Prooemium.
1336 1639 1375 1645 —
1393 1622 1419 1652 1.
1436 1621 1467 1651 B.
1490 1621 1629 1652 Richardi
1647 1624 1824 1654 encomium.
1839 1641 1880 1648 —

1172 1666 1199 1696 Ξ.
1218 1666 1287 1696 Eius
1314 1667 1434 1697 virtutes
1457 1667 1486 1696 in
1510 1668 1667 1697 iuventute.
1694 1684 1733 1689 —
1753 1667 1780 1699 3.
1802 1668 1879 1699 Celi-

1174 1711 1271 1740 batum
1299 1715 1403 1740 servat.
1431 1728 1470 1733 —
1496 1710 1574 1741 4111
1603 1716 1712 1751 partem
1737 1712 1878 1743 sollicitu-

1173 1755 1249 1784 dinis
1268 1764 1283 1784 a
1306 1753 1335 1784 B.
1355 1754 1508 1785 Edmundo
1535 1755 1720 1787 Cantuarien.
1748 1761 1878 1794 vocatus,

1173 1809 1260 1838 quam
1289 1799 1362 1830 bene
1385 1809 1417 1830 se
1439 1801 1571 1839 gesserit.
1587 1817 1627 1823 -—
1641 1800 1671 1830 ln
1688 1801 1878 1832 inferioribus

1175 1845 1480 1875 administrationibus
1497 1846 1592 1884 qualis
1608 1845 1706 1875 fuerit.
1720 1845 1838 1876 —6.ln
1849 1855 1879 1876 e-

1173 1891 1325 1930 piscopatu
1337 1889 1492 1920 Cicestren.
1505 1890 1655 1929 qualis.—
1666 1889 1736 1920 Eius
1751 1890 1878 1930 vigiliae,

1173 1951 1212 1957 —-
1225 1934 1259 1965 Et
1279 1936 1377 1965 carnis
1397 1935 1563 1965 maceratio.
1585 1952 1624 1958 —
1641 1934 1780 1965 miracuta
1801 1944 1877 1965 non—

1173 1980 1252 2009 nulla
1284 1984 1377 2018 patrat
1399 1979 1494 2009 adhuc
1525 1980 1634 2009 vivens.
1662 1996 1702 2001 —
1733 1979 1758 2008 7.
1790 1978 1877 2009 Panis

1173 2025 1385 2065 multiplicatus
1401 2025 1435 2054 ad
1452 2025 1640 2055 resectionem
1657 2033 1879 2065 pauperum.—

1173 2070 1200 2100 8.
1231 2069 1336 2100 Horam
1366 2070 1468 2100 mortis
1503 2069 1654 2108 praedicit.
1684 2085 1724 2091 —
1749 2069 1777 2099 9.
1808 2068 1877 2099 Eius

1174 2115 1280 2144 mortui
1297 2115 1428 2154 corporis
1452 2114 1648 2153 pulchritudo.
1669 2131 1708 2137 —
1728 2115 1774 2146 10.
1790 2113 1879 2145 Para-

1174 2159 1292 2198 lyncum
1308 2160 1423 2198 gressui
1441 2159 1544 2189 reddit.
1559 2176 1598 2181 —
1615 2159 1661 2189 11.
1678 2158 1805 2189 Fistulas
1825 2159 1876 2189 de-

1175 2205 1274 2233 siccat.
1300 2221 1338 2226 —
1366 2204 1411 2233 12.
1434 2203 1504 2234 Tres
1527 2209 1656 2234 mortuos
1684 2204 1814 2234 suscitat.
1837 2220 1876 2225 —

1177 2248 1219 2278 13.
1243 2248 1409 2278 Exanimem
1427 2253 1527 2278 natum
1545 2248 1678 2278 vivificat.
1693 2264 1731 2270 -
1750 2247 1796 2277 14.
1810 2247 1877 2278 Ate-

1174 2292 1280 2323 xander
1299 2293 1350 2322 t’P.
1369 2302 1458 2332 super
1476 2294 1522 2322 his
1549 2293 1658 2332 inquiri
1685 2294 1810 2322 mandat.
1837 2308 1877 2315 —

1176 2337 1219 2366 16.
1246 2337 1403 2375 Cathalogo
1431 2342 1596 2368 sanctorum
1623 2336 1810 2367 adscribitur.
1837 2352 1877 2359 —

1174 2382 1219 2410 17.
1242 2382 1447 2412 Anniversaria
1475 2382 1538 2412 eius
1560 2380 1731 2411 celebranda
1759 2379 1874 2410 festivi-

1174 2431 1225 2456 tas.
1251 2443 1290 2448 —
1311 2428 1357 2456 18.
1379 2426 1448 2457 Eius
1472 2425 1657 2456 visitantibus
1685 2424 1875 2464 sepulchrum

1173 2471 1352 2510 indulgentia
1371 2471 1550 2502 conceditur.

1132 2541 1252 2571 Urbanus
1279 2542 1419 2578 episcopus
1451 2548 1544 2571 servus
1562 2547 1700 2570 servorum
1725 2540 1780 2574 Det,
1815 2547 1875 2570 ven.

1177 2591 1315 2620 tratribus
1333 2591 1552 2627 archiepiscopis,
1562 2590 1704 2626 episcopis.
1718 2591 1748 2619 at
1765 2589 1875 2619 dilectis

1176 2639 1241 2669 filiis
1256 2641 1406 2674 abbatibus.
1425 2640 1572 2676 pria-rinus,
1590 2640 1709 2674 decanis,
1740 2639 1876 2669 archidia-

1891 242 1943 271 Λιι-
1959 241 1988 270 C.
2007 242 2074 271 ΗΜ
