2129 3223
153 235 202 261 An.
221 233 250 260 C.
266 234 333 260 12st

182 1234 292 1262 Inquisitio
313 1235 337 1255 de

156 1267 201 1287 eius
217 1267 258 1285 rita
268 1268 289 1285 et
304 1266 341 1285 uii-

156 1297 233 1318 faculis
250 1297 305 1317 satta

399 224 470 257 400

349 289 547 335 dispendium
589 288 665 323 fides
700 288 811 323 devota
854 301 917 323 non
958 288 1094 335 patitur,

348 338 442 373 domo
465 338 546 372 lutea
570 337 600 372 in
619 337 754 373 coeleste
771 337 986 373 habitaculum
1012 349 1096 372 com-

348 395 477 422 mutata.
500 387 581 429 Quis
602 396 686 422 esset
711 388 872 435 apparuit,
894 396 924 422 et
946 388 976 421 in
1005 398 1091 434 prae-

349 437 447 471 mium
470 437 570 471 meriti
593 437 821 484 praecedentis,
843 438 915 484 quia
935 437 1040 471 lumen
1063 436 1093 469 in

350 486 488 521 tenebris
504 485 600 521 latere
622 499 684 521 non
708 495 838 534 poterat,
861 499 963 533 neque
985 486 1096 520 civitas

349 537 449 582 posita
485 548 578 584 supra
612 545 750 571 montem
786 536 954 579 abscondi,
988 535 1095 569 multis

349 586 452 633 coepit
482 598 647 621 coruscare
687 586 864 626 miraculis,
902 594 935 620 ut
969 593 1095 619 sanctus

348 635 388 670 ab
419 635 568 670 omnibus
601 635 781 670 haberetur.
811 635 972 682 Expositis
1004 633 1095 668 nobis

350 685 430 720 vitae
465 693 495 719 et
522 685 771 720 conversationis
808 685 926 732 ipsius,
962 691 991 719 et
1013 695 1095 731 quae

350 734 506 769 Dominus
526 734 715 781 operabatur
742 746 796 781 per
817 746 902 773 eum,
930 733 1096 768 miraculo-

351 796 419 819 rum
447 784 609 830 insigniis,
639 796 712 819 cum
739 783 843 818 debita
871 783 929 817 fuit
956 795 972 818 a
1001 795 1096 818 vene-

351 832 500 868 rabilibus
527 833 672 868 fratribus
694 833 852 880 quondam
874 832 1036 867 Lundensi
1052 844 1097 866 ar-

350 883 576 930 chiepiscopo,
603 891 633 916 et
667 882 835 918 Absolensi
872 891 901 916 et
936 881 1094 917 Scariensi

350 933 517 980 episcopis,
552 933 695 967 instantia
727 931 940 980 publicatum,
965 940 997 965 ut
1024 931 1095 978 quia

350 994 411 1017 non
435 990 512 1025 erat,
534 981 617 1028 quod
641 989 727 1016 tanto
750 981 956 1016 nunciabatur
982 981 1097 1015 indicio

351 1031 586 1078 negligendum,
613 1039 643 1065 et
670 1031 929 1066 canonizaremus
950 1029 1096 1065 eumdem

350 1088 379 1115 et
413 1089 592 1116 sanctorum
631 1080 830 1115 annumerari
858 1080 1021 1126 cathalogo
1052 1079 1098 1114 fa-

350 1143 504 1165 (feremus.

401 1180 420 1227 S
454 1182 487 1214 Ξ.
518 1179 600 1222 Quia
635 1192 705 1213 vero
741 1179 910 1226 aliquando
944 1179 1003 1213 vita
1039 1178 1098 1212 sub

353 1230 456 1277 specie
484 1229 632 1264 virtutum
656 1229 777 1263 occulte
799 1229 966 1273 subintrat,
991 1236 1021 1262 et
1046 1240 1098 1262 an-

353 1279 442 1325 gelus
462 1278 619 1314 Sathanae
649 1290 742 1325 saepe
766 1290 799 1313 se
828 1278 857 1312 in
886 1278 966 1312 lucis
989 1278 1097 1323 Ange-

353 1329 417 1363 lum
449 1328 592 1363 simulate
627 1328 841 1367 transformat,
875 1327 913 1362 de
949 1326 1096 1374 praedicti

354 1378 459 1413 famuli
492 1377 620 1412 Domini
648 1379 730 1417 vita,
763 1377 842 1411 fama
869 1384 899 1411 et
936 1376 1098 1411 miraculis

354 1440 410 1474 per
430 1426 628 1474 praedictum
650 1426 809 1473 quondam
826 1425 1028 1460 Lundensem
1049 1438 1096 1460 ar-

353 1477 617 1524 chiepiscopum,
643 1476 831 1523 approbatae
865 1476 945 1510 vitae
971 1475 1071 1510 virum
1088 1502 1097 1517 ,

353 1535 533 1561 timoratum
568 1534 597 1560 et
630 1534 764 1565 iustum,
802 1538 852 1560 cui
887 1532 998 1559 merito
1034 1532 1098 1558 erat

353 1588 449 1622 super
475 1576 536 1611 hoc
556 1575 732 1611 adhibenda
760 1574 849 1612 fides.
876 1587 911 1609 ac
935 1586 989 1621 per
1011 1586 1100 1608 vene-

355 1625 481 1660 rabilem
505 1625 629 1660 fratrem
654 1634 795 1660 nostrum
823 1623 861 1658 R.
884 1623 1100 1671 Rosquilden-

353 1687 419 1710 sem
446 1675 642 1722 episcopum,
663 1682 693 1708 et
715 1673 863 1709 dilectum
887 1673 987 1709 filium
1009 1672 1099 1708 abba-

355 1734 415 1760 tem
443 1723 482 1759 de
504 1723 625 1759 Ervado
647 1723 867 1759 Cisterciensis
893 1723 1026 1764 ordinis,
1050 1724 1099 1757 in-

354 1774 437 1821 quiri
459 1773 678 1808 mandavimus
700 1773 876 1820 diligenter,
903 1774 955 1820 qui
979 1773 1017 1808 de
1040 1773 1098 1807 vita

354 1831 385 1858 et
405 1823 486 1858 fama
512 1824 601 1862 certi,
623 1835 658 1857 ac
681 1824 756 1869 ipsis
778 1831 837 1857 tam
863 1834 917 1869 per
939 1836 983 1867 se,
1005 1834 1098 1870 quam

355 1885 411 1920 per
436 1873 514 1908 alios
540 1882 570 1908 et
598 1872 637 1907 de
664 1873 824 1908 miraculis
857 1881 919 1907 tam
952 1885 1008 1920 per
1033 1884 1099 1914 eos,

355 1924 385 1957 in
407 1922 522 1970 quibus
544 1921 622 1957 facta
649 1922 783 1962 fuerant,
810 1934 903 1968 quam
932 1935 985 1969 per
1006 1930 1101 1956 testes

355 1971 416 2007 fide
448 1971 577 2018 dignos,
611 1972 751 2011 iuratos,
787 1971 916 2006 veritate
950 1972 1099 2018 cognita,

354 2030 458 2057 certos
484 2033 543 2055 nos
569 2020 701 2056 reddere
723 2029 924 2060 curaverunt,
952 2021 997 2055 eis
1020 2021 1101 2054 inter

354 2071 413 2107 alia
446 2070 699 2118 exponentibus,
733 2070 817 2117 quod
854 2078 937 2104 tanta
978 2070 1007 2103 in
1042 2069 1100 2104 isto

354 2120 452 2168 gratia
489 2120 612 2155 divinae
639 2119 869 2154 benedictionis
895 2119 1031 2162 effulsit,
1067 2127 1100 2153 ut

354 2171 422 2205 eius
443 2169 599 2216 suffragiis
627 2169 742 2216 leprosi
765 2169 969 2210 mundentur,
991 2180 1101 2203 sanen-

354 2227 407 2255 tur
428 2221 568 2266 aegroti,
595 2218 766 2254 liberentur
791 2219 997 2255 daemoniaci,
1024 2230 1101 2264 ape-

355 2270 452 2305 riatur
484 2269 588 2315 lingua
617 2277 787 2307 mutorum,
810 2276 839 2302 et
862 2267 946 2315 quod
974 2276 1020 2302 est
1047 2280 1100 2301 mi-

356 2318 500 2362 rabilius,
518 2319 577 2353 iam
594 2317 676 2353 idem
691 2319 731 2352 sit
754 2317 889 2365 plurium
907 2326 1099 2351 mortuorum

355 2368 511 2404 almisicus
533 2368 709 2402 suscitator.

404 2418 425 2466 g
452 2421 484 2452 5.
506 2417 651 2452 Gaudeat
683 2417 786 2464 itaque
820 2416 919 2451 Mater
949 2415 1100 2460 Ecclesia,

356 2467 440 2515 quod
462 2466 608 2502 coelestis
635 2465 804 2501 fabricatur
829 2465 1020 2510 Ierusalem,
1047 2477 1102 2499 su-

358 2517 444 2571 perni
477 2516 611 2552 aedificii
643 2524 797 2551 structura
823 2516 1000 2571 consurgit,
1022 2526 1101 2549 nova

357 2566 388 2600 in
415 2566 532 2614 templo
558 2565 616 2601 Dei
640 2565 785 2601 columna
811 2565 950 2611 erigitur,
974 2575 1103 2599 novum-

358 2626 420 2661 que
439 2615 584 2661 produxit
606 2614 819 2649 misericordia
837 2613 964 2649 Domini
980 2613 1100 2653 ssorem,

915 233 1102 256 nummum!
1129 232 1292 255 Rouaxml

1133 299 1226 334 quem
1263 287 1388 322 coelesti
1426 300 1495 323 rore
1532 287 1659 323 uberius
1694 287 1878 332 irrigatum,

1134 348 1210 370 mira
1239 344 1269 371 et
1290 337 1376 371 suavi
1403 337 1543 372 ubertate
1565 337 1723 371 fructuum
1750 335 1880 370 saecun-

1133 385 1226 420 davit.
1249 385 1369 420 Laetari
1389 399 1516 434 quoque
1533 387 1630 434 patria
1653 395 1751 420 xestra
1773 385 1877 426 debet,

1133 444 1162 469 et
1190 447 1262 469 cum
1292 436 1487 471 iucunditate
1517 437 1548 470 in
1575 435 1683 470 laudes
1714 447 1878 481 assurgere

1134 483 1302 525 Creatoris,
1321 485 1405 532 quod
1421 495 1505 520 tanto
1523 493 1570 521 est
1585 485 1714 520 exaltata
1735 493 1878 532 patrono,

1135 534 1292 581 talemque
1314 535 1394 582 apud
1425 535 1523 569 Deum
1552 535 1666 569 meruit
1688 535 1879 569 intercesso-

1135 596 1199 618 rem
1216 583 1331 618 habere
1347 597 1400 631 per
1415 596 1509 632 quem
1535 585 1671 619 nominis
1686 585 1733 618 sui
1750 583 1828 618 fama
1845 585 1877 617 lit

1133 633 1277 670 celebris,
1293 633 1449 680 latiusque
1464 633 1658 672 diffunditur,
1675 641 1704 667 et
1721 645 1776 680 per
1789 633 1879 668 cuius

1134 682 1329 731 suffragium,
1356 695 1418 730 quo
1446 684 1589 720 vicinius,
1612 683 1806 718 habitatores
1831 683 1878 717 sui

1136 741 1266 779 possunt
1288 732 1409 767 facilius
1425 734 1544 767 veniam
1568 732 1751 779 promereri.
1765 731 1880 767 Cantet

1135 794 1213 829 prop
1196 790 1298 828 pterea
1326 794 1440 816 novum
1469 781 1607 817 Domino
1637 782 1793 816 canticum
1815 781 1879 816 Ec-

1135 831 1227 865 clesia
1256 831 1362 865 Sancti
1385 831 1525 866 Thomae
1547 831 1586 866 de
1607 829 1772 869 paraclito
1799 843 1880 886 quae

1135 879 1303 934 splendore
1322 881 1392 915 novi
1409 881 1536 915 luminis
1557 879 1747 915 confessoris
1768 880 1879 927 ipsius,

1138 930 1364 976 requiescentis·
1398 930 1524 970 ibidem
1560 929 1689 975 pulchra
1718 929 1794 964 facta
1822 938 1879 970 est,

1136 989 1165 1013 et
1198 980 1341 1024 apparuit
1373 980 1526 1027 speciosa.
1562 979 1657 1014 Decet
1683 980 1779 1013 etiam
1812 991 1881 1013 ma-

1137 1037 1214 1062 trem
1238 1028 1426 1069 Ecclesiam
1448 1029 1487 1064 ab
1506 1029 1589 1063 illius
1611 1028 1769 1070 laudibus,
1787 1040 1879 1075 quem

1137 1079 1217 1112 vitae
1245 1077 1452 1122 beatitudine,
1473 1079 1636 1124 signisque
1665 1090 1699 1113 ac
1723 1077 1882 1112 miraculis

1138 1127 1314 1162 beatificum
1348 1127 1426 1162 adeo
1465 1140 1533 1163 esse
1566 1135 1688 1162 constat
1715 1129 1744 1161 in
1766 1127 1880 1174 gloria,

1138 1189 1199 1211 non
1229 1189 1358 1220 vacare,
1392 1178 1445 1212 sed
1473 1178 1498 1211 ei
1528 1178 1631 1224 potius
1665 1176 1807 1211 debitum
1829 1177 1883 1211 ho-

1139 1239 1246 1261 norem
1269 1227 1440 1267 exsolvere,
1463 1239 1498 1261 ac
1520 1227 1599 1261 votis
1623 1226 1804 1272 impendere
1824 1238 1882 1261 sa·-

1137 1285 1307 1311 cramenta.
1341 1276 1447 1318 Quare
1474 1288 1548 1314 nos,
1576 1275 1692 1323 quibus
1721 1275 1792 1310 licet
1820 1276 1882 1310 im-

1137 1326 1258 1360 meritis
1273 1339 1288 1360 a
1305 1326 1440 1360 Domino
1459 1334 1505 1360 est
1523 1326 1661 1360 Ecclesia
1680 1325 1881 1371 gubernanda

1138 1376 1317 1416 commissa,
1344 1388 1438 1421 super
1459 1376 1536 1416 vita,
1560 1375 1640 1410 fama
1667 1383 1696 1409 et
1725 1375 1883 1410 miraculis

1138 1425 1266 1472 praefati
1295 1425 1350 1459 viri
1386 1425 1530 1464 Domini,
1563 1437 1617 1471 per
1644 1423 1794 1459 dilectum
1824 1436 1882 1458 no-

1138 1483 1235 1508 strum
1258 1474 1296 1509 G.
1317 1474 1425 1509 Sancti
1447 1474 1604 1508 Theodori
1627 1474 1792 1508 diaconum
1820 1485 1881 1508 car

1137 1523 1286 1562 (liualem,
1309 1524 1361 1571 qui
1390 1523 1555 1569 legationis
1587 1523 1722 1557 officium
1757 1524 1786 1557 iu
1816 1535 1883 1571 par-

1139 1572 1223 1607 tibus
1248 1572 1308 1607 illis
1339 1573 1496 1615 exercuit,
1524 1574 1673 1607 certiones
1698 1572 1817 1617 effecti,
1844 1585 1882 1607 ne

1139 1622 1216 1656 velle
1239 1622 1416 1657 videremur
1437 1622 1521 1669 quod
1546 1623 1654 1657 lateret
1678 1622 1805 1657 lucerna
1823 1622 1883 1657 sub

1139 1672 1263 1711 modio,
1302 1685 1383 1719 quae
1423 1684 1517 1718 supra
1552 1671 1775 1707 candelabrum
1814 1683 1882 1706 eSSt¹

1138 1721 1243 1765 debet,
1274 1722 1382 1769 sicque
1414 1721 1564 1756 inutiliter
1590 1721 1706 1756 Christi
1742 1733 1883 1757 essemus

1139 1771 1254 1808 vicarii,
1277 1772 1300 1805 si
1321 1784 1382 1806 non
1407 1771 1592 1811 faceremus,
1616 1779 1647 1804 ut
1663 1780 1884 1807 venerarentur

1139 1820 1247 1854 fideles
1281 1820 1381 1865 illum,
1405 1832 1498 1868 quem
1533 1828 1712 1856 sauctorum
1735 1820 1883 1868 splendor

1140 1868 1294 1904 Dominus
1321 1879 1363 1904 tot
1395 1879 1425 1904 et
1458 1870 1551 1905 tantis
1585 1870 1756 1916 fulgentem
1781 1871 2078 1942 ῑηὶτιι-Ηειιιεειιοηεωι

1913 1918 2006 1936 cums.

1139 1920 1218 1953 culis
1249 1919 1398 1954 ineffabili
1430 1919 1585 1965 disposuit
1613 1920 1806 1966 providentia
1834 1932 1883 1954 ve-

1140 1969 1323 2006 nerandum,
1348 1970 1451 2016 ipsum
1474 1969 1512 2003 de
1535 1969 1666 2003 fratrum
1688 1979 1881 2008 nostrorum,

1138 2026 1169 2051 et
1202 2019 1371 2052 multorum
1406 2019 1613 2065 praelatorum
1649 2019 1733 2066 apud
1767 2018 1881 2055 Sedem

1140 2068 1353 2113 Apostolicam
1387 2068 1648 2107 consistentium,
1683 2068 1882 2103 canonizavi-

1140 2128 1210 2150 mus
1248 2118 1401 2157 consilio,
1437 2126 1468 2151 et
1498 2127 1678 2152 sanctorum
1717 2118 1882 2152 statuimus

1139 2166 1302 2213 cathalogo
1325 2166 1577 2201 adscribendum.

1191 2215 1210 2261 Ε
1259 2220 1290 2250 4.
1333 2216 1489 2257 Quocirca
1533 2216 1722 2251 universitati
1764 2224 1881 2251 vestrae

1142 2279 1196 2314 pei
1229 2267 1398 2313 apostolica
1433 2266 1546 2313 scripta
1580 2265 1781 2306 mandamus,
1808 2278 1883 2313 qua-

1141 2326 1231 2350 tenus
1258 2316 1376 2350 scilicet
1405 2315 1619 2354 attendentes,
1641 2324 1790 2361 quantum
1817 2323 1881 2350 ter-

1141 2378 1205 2400 ram
1229 2373 1362 2400 vestram
1384 2363 1542 2400 Dominus
1564 2364 1740 2408 bonoravit,
1763 2373 1792 2398 et
1813 2377 1883 2411 spe-

1139 2415 1209 2450 ciali
1229 2415 1361 2462 quadam
1379 2414 1587 2460 praerogativa
1608 2413 1730 2448 decoris
1749 2426 1879 2460 reguum

1140 2464 1254 2499 Daciae
1277 2464 1447 2511 insignivit,
1473 2464 1546 2498 dum
1575 2462 1695 2497 mundo
1723 2464 1823 2510 posito
1849 2464 1879 2498 in

1141 2514 1290 2561 maligno,
1301 2522 1331 2548 et
1345 2513 1460 2548 malitia
1483 2512 1645 2547 hominum
1667 2521 1880 2554 excrescente,

1141 2564 1239 2597 virum
1261 2563 1321 2598 sibi
1343 2563 1454 2597 exinde
1483 2569 1638 2605 sanctum,
1660 2562 1710 2609 qui
1733 2575 1789 2610 pro
1811 2574 1881 2610 pec·

1141 2613 1216 2647 ratis
1231 2613 1373 2647 omnium
1392 2612 1578 2646 intercessor
1597 2612 1694 2652 lieret,
1711 2612 1879 2660 praeelegit,

1892 231 1940 258 Αιι.
1957 230 1978 258 C
2007 231 2070 259 {2221
