2129 3223
144 252 193 281 An.
212 254 241 281 C.
257 255 324 283 1225

172 969 282 991 Exordium

156 1615 237 1635 Abusus
253 1621 272 1635 iu
283 1614 325 1635 llo-

142 1647 231 1666 mauiam
264 1646 326 1666 inve·

142 1680 188 1696 ctus
203 1683 238 1697 res
254 1676 326 1697 Eccle-

142 1713 186 1728 sae
202 1709 247 1728 usui
266 1709 325 1734 prin-

142 1740 210 1764 cipum
256 1738 325 1765 appli-

141 1769 210 1790 candi.

391 247 460 280 390
930 258 1117 282 amanium
1144 257 1305 282 nomam
1892 257 1944 284 An.
1961 257 1990 284 c.
2009 256 2076 283 ηπ

380 310 537 349 resipiscit.
556 328 593 332 —-
617 310 654 340 De
674 312 811 342 mandato
839 310 893 342 PP.
917 313 1089 342 conventio-

380 364 446 384 nem
466 354 531 384 iuiit
563 365 628 385 cum
658 356 881 387 ecclesiasticis.
903 374 943 379 —
960 356 1091 386 Conven-

381 399 468 428 tionis
485 400 612 430 articuli:
634 417 672 422 —
690 400 758 430 Eam
779 401 933 431 confirmat
947 400 1089 430 Pontifex.

378 460 415 464 -
446 443 677 473 Instrumentum
706 444 916 482 resignationis
951 444 1042 473 factae
1076 454 1089 471 a

379 486 537 517 Guillelmo
566 488 707 527 principe.
731 505 768 511 —-
790 488 956 518 Clausulac.

338 557 467 587 nonarius
485 558 628 595 episcopus
646 565 742 588 servus
762 566 902 588 servorum
925 559 981 591 Dei,
1012 566 1092 587 vene-

382 607 516 636 rabilibus
526 607 667 637 fratrihus
680 608 892 644 archiepiscopis
911 610 937 637 et
960 607 1093 642 episcopis

383 657 412 684 et
436 657 546 685 dilectis
565 656 630 685 filiis
649 656 779 692 capitulis
802 657 955 685 eorumdem
974 656 1001 683 iu
1013 657 1092 684 terra

382 705 481 734 nobilis
499 705 553 734 viri
573 705 697 734 Gaustidi
716 706 748 734 de
766 706 838 734 villa
857 706 966 734 arduini
990 705 1092 740 princi-

382 754 426 790 pis
443 754 556 783 Achaiae
574 755 646 783 citra
665 761 775 790 passum
786 755 914 790 megarae
925 755 1090 783 Corinthien-

383 803 422 832 sis
441 804 616 836 constitutis.
638 804 758 832 salutem
777 805 807 832 et
837 805 1017 840 apostolicam
1047 804 1089 832 be·

383 852 573 882 affiictionem.

388 924 480 960 Sedis
503 924 704 971 Apostolicae
731 925 975 973 circumspectio
1007 937 1091 959 cou-

339 975 444 1009 stituta
468 986 562 1021 super
590 983 702 1020 gentes
727 982 755 1009 et
781 987 896 1021 regna,
924 983 955 1008 ut
978 974 1090 1009 evellat

339 1032 369 1058 et
390 1023 541 1062 destruat,
569 1024 711 1059 aedificet
744 1033 838 1071 atque
862 1024 988 1070 plantet,
1018 1023 1091 1057 ubi-

339 1085 399 1119 que
427 1072 567 1108 retinens
595 1073 819 1115 moderamen,
847 1072 1005 1107 interdum
1042 1073 1090 1107 ri-

338 1133 425 1167 gore,
448 1121 607 1157 interdum
632 1122 873 1157 mansuetudine
903 1122 1014 1161 utitur,
1044 1123 1091 1155 in·
1112 1137 1113 1161 3
1132 1149 1251 1184 Verum
1291 1149 1361 1184 licet
1390 1149 1631 1184 rosionationem
1667 1150 1858 1196 praedictam

1451 1177 1470 1196 ὗ
1870 1178 1879 1196 7

339 1170 463 1206 terdum
495 1171 702 1206 consideratis
729 1171 976 1206 circumstantiis
1011 1179 1090 1205 tem-

340 1214 504 1267 porum'et
542 1220 702 1264 locorum,
729 1220 868 1255 medinm
898 1220 1017 1255 faciens
1053 1233 1089 1254 ex

341 1277 493 1316 utroque,
520 1282 629 1316 aspera
658 1270 687 1304 in
722 1270 787 1304 vias
811 1269 919 1317 planas
946 1277 975 1303 et
999 1282 1089 1316 prava

339 1318 448 1363 dirigit
476 1319 506 1353 in
535 1319 666 1358 directa,
688 1327 715 1354 et
741 1319 792 1353 lite
815 1319 1011 1354 confusionis
1030 1319 1090 1353 im-

340 1367 444 1413 plicita
479 1367 640 1414 explicans
667 1376 697 1403 et
724 1368 892 1407 dirimens,
922 1368 1005 1402 litem
1043 1369 1089 1414 ip-

340 1428 405 1451 sam
433 1416 470 1451 ad
499 1426 602 1452 certas
634 1417 803 1463 imaginem
840 1426 869 1452 et
897 1417 1091 1452 rectitudinis

340 1478 483 1501 normam
507 1465 636 1514 provida
663 1467 864 1501 distinctione
889 1466 1024 1505 reducit,
1058 1474 1090 1500 ut

340 1527 422 1562 quae
443 1523 517 1550 sunt
540 1514 684 1550 Caesaris
705 1515 845 1559 Caesari,
868 1523 896 1550 et
919 1527 998 1562 quae
1016 1524 1089 1549 sunt
1110 1529 1111 1533 ¹

342 1564 398 1600 Dei
429 1564 498 1600 Deo
525 1576 662 1611 congrua
691 1564 927 1612 dispensatione
954 1564 1090 1599 reddan-

341 1623 401 1649 tur.
426 1613 510 1649 Sane
531 1625 602 1648 cum
625 1627 661 1648 ex
686 1614 864 1661 principum
890 1614 1010 1660 imperii
1030 1613 1091 1648 Ro-

342 1663 464 1698 maniae
486 1662 652 1698 insolentia
675 1663 877 1700 confutanda.
906 1663 1089 1697 huiusmodi

341 1712 536 1747 confusionis
557 1712 721 1747 inoleverit
739 1712 928 1759 corruptela,
952 1720 983 1747 ut
1005 1724 1089 1747 nunc

342 1762 436 1796 iidem
459 1760 539 1796 bona
563 1761 742 1796 conferrent
764 1762 928 1800 Ecclesiis,
951 1770 980 1796 et
1004 1774 1088 1797 nunc

341 1823 376 1847 ea
403 1810 482 1858 ipsis
508 1811 667 1846 auferrent
695 1824 750 1859 pro
777 1823 851 1846 suae
874 1811 962 1846 libito
986 1812 1090 1846 volun-

342 1860 428 1902 tatis,
456 1867 486 1894 et
512 1860 622 1895 collata
652 1861 821 1908 praecipue
848 1860 981 1895 abbatiis
1005 1861 1088 1895 iuxta

341 1908 590 1957 beneplacitum·
612 1922 705 1944 suum
735 1910 870 1957 propriis
899 1910 1007 1944 usibus
1030 1922 1089 1956 ap·
1110 1919 1111 1929 ¹

341 1959 503 2004 plicarent,
530 1971 565 1993 ac
587 1960 690 2005 graeci
719 1959 844 2005 praelati
873 1959 1007 2004 receptis
1025 1972 1089 1994 mu-

341 2008 470 2043 neribus
493 2008 707 2043 indifferenter
729 2008 887 2055 quoslibet
920 2008 957 2043 ad
982 2021 1090 2043 sacer-

340 2057 461 2093 dotium
501 2066 738 2104 promoverent,
775 2065 805 2091 et
839 2057 972 2092 dilectus
1006 2057 1088 2092 tilius

341 2107 454 2142 nobilis
476 2107 522 2141 vir
547 2106 586 2141 G.
616 2106 655 2141 de
679 2106 759 2142 Villa
781 2106 916 2141 Arduini
942 2107 1089 2154 princeps

341 2156 475 2191 Achaiae
514 2156 635 2191 innisus
673 2156 854 2190 huiusmodi
895 2157 1088 2202 corruptelae

339 2205 481 2241 abbatias
509 2213 539 2240 et
565 2206 781 2252 possessiones
802 2205 1031 2240 ecclesiasticas
1057 2206 1086 2240 in

339 2256 408 2290 suis
431 2254 580 2290 manibus
608 2255 758 2295 retinens,
786 2263 815 2289 et
838 2255 959 2289 fructus
981 2267 1086 2290 earum

341 2305 477 2351 propriis
500 2303 611 2339 usibus
637 2304 809 2351 applicans.
838 2312 865 2338 et
894 2304 1011 2351 quibus
1034 2317 1088 2339 ro-

341 2354 421 2388 lebat
458 2366 513 2400 pro
552 2353 642 2388 libito
681 2353 843 2396 tribuens,
880 2362 1007 2400 papates
1042 2356 1086 2397 (1)

339 2460 378 2495 ab
400 2460 553 2496 abolenda
575 2461 752 2508 corruptela
777 2460 933 2508 praedicta
963 2461 1088 2496 nolebat

340 2514 513 2555 desistere,
549 2516 653 2562 ipsum
689 2515 841 2562 contingit
870 2516 1088 2550 excommuni-

340 2568 470 2603 cationis
497 2569 610 2616 laqueo
647 2568 811 2609 innodari;
838 2569 892 2603 sed
919 2579 1016 2604 tactus
1050 2569 1088 2604 ab

376 2637 414 2670 (t)
431 2638 524 2669 Papus,
542 2637 653 2664 clericus
671 2637 710 2664 vel
728 2637 859 2664 sacerdos.

596 2407 600 2412 .
725 2407 730 2412 .
905 2408 910 2413 .
1027 2409 1032 2414 .
1108 2415 1109 2418 ,
1131 2380 1325 2415 Athenarum
1353 2380 1454 2416 taliter
1479 2381 1650 2425 moderata,
1677 2389 1708 2416 ut
1730 2382 1874 2419 videlicet

340 2416 500 2455 tamquam
525 2416 660 2442 rusticos
675 2415 835 2443 retineret.
859 2420 931 2454 quia
949 2416 1088 2444 monitus
1108 2431 1109 2438 κ

1133 324 1170 347 eo
1203 313 1258 359 qui
1291 311 1387 358 tangit
1415 319 1537 346 montes
1571 319 1601 346 et
1634 311 1810 358 fumigant,
1846 323 1879 347 se

1134 361 1288 396 mandatis
1315 361 1475 396 Ecclesiae
1508 361 1619 396 obtulit
1651 360 1767 396 saniori
1804 373 1880 396 usus

1133 410 1264 446 consilio
1305 411 1488 457 pariturum.
1531 410 1568 444 Et
1608 411 1681 458 quia
1719 409 1880 445 humiliter
1905 415 2030 437 Guissfflmu*
2049 421 2075 437 0³

1133 459 1338 495 redeuntibus
1360 472 1423 494 non
1442 468 1486 494 est
1500 459 1661 495 Ecclesiae
1675 459 1779 494 aditus
1794 472 1879 506 prae·
1892 449 2076 499 Ξξξῑιῖζωῗῖἶέἶ

1132 509 1319 550 eludendus,
1351 509 1436 544 iuxta
1463 509 1593 543 sormam
1617 508 1776 544 Ecclesiae
1798 509 1962 544 intravi-⁰¹¹·

1132 566 1231 593 rastra
1274 558 1373 605 ipsius
1410 557 1548 593 obtinuit
1588 570 1642 606 per
1668 557 1878 594 humilitatem

1133 607 1251 647 reduci,
1275 620 1289 641 a
1317 607 1433 654 quibus
1455 607 1574 642 eiectus
1603 607 1702 642 suerat
1723 619 1779 655 per
1799 620 1880 643 con-

1133 658 1297 692 tumaciam
1326 664 1356 691 et
1383 664 1612 702 contemptum.
1635 656 1700 691 Nos
1721 668 1798 704 ergo
1816 669 1879 692 non

1133 706 1236 741 minus
1263 706 1363 753 ipsius
1390 706 1541 753 principis
1572 705 1674 745 saluti,
1701 718 1795 753 quam
1817 707 1880 742 Ec-

1131 755 1300 790 clesiarum
1325 755 1512 790 utilitatibus
1539 755 1702 802 providere
1728 755 1880 799 volentes,

1111 804 1190 854 3sibi
1219 805 1454 852 praecepimus,
1489 812 1522 839 ut
1555 804 1601 838 vel
1637 805 1878 851 resignationem

1132 853 1307 889 Ravenicae
1346 854 1529 889 auctoritate
1560 853 1653 888 Sedis
1680 854 1881 902 Apostolicae

1132 903 1310 950 ampliatam
1334 903 1505 949 reciperet,
1541 903 1589 938 vel
1620 915 1751 950 pacem,
1785 916 1879 951 quam

1132 952 1335 987 ecclesiastici
1361 952 1516 991 inierunt,
1539 952 1880 1000 Constantinopolitaui

1134 1001 1282 1039 barones,
1316 1002 1367 1049 qui
1403 1014 1475 1048 erga
1503 1001 1678 1037 Romanam
1704 1001 1879 1037 Ecclesiam

1134 1051 1281 1086 maiorem
1305 1051 1502 1086 devotionem
1525 1050 1676 1086 babentes
1699 1051 1728 1085 in
1745 1051 1880 1087 servitiis

1132 1099 1327 1135 defensionis
1355 1100 1479 1147 imperii
1516 1101 1621 1147 potius
1654 1109 1728 1135 sunt
1749 1101 1878 1147 gravati.

1132 1210 1212 1245 quae
1244 1198 1366 1245 gravior
1393 1198 1573 1239 ridebatur,
1609 1198 1712 1233 dictus
1734 1199 1880 1246 princeps

1132 1260 1165 1282 se
1200 1248 1314 1282 dixerit
1350 1248 1523 1295 recepisse,
1563 1248 1635 1295 quia
1672 1256 1776 1283 tamen
1810 1261 1878 1284 eam

1133 1297 1314 1332 nullatenus
1336 1297 1458 1332 effectui
1482 1297 1683 1345 mancipavit,
1705 1297 1758 1332 sed
1782 1298 1880 1333 vobis-

1132 1359 1204 1380 cum
1233 1347 1493 1393 compositionem
1522 1347 1592 1381 iniit
1627 1346 1713 1381 valde
1740 1346 1877 1382 illicitam

1132 1404 1161 1430 et
1186 1397 1313 1442 penitus
1345 1396 1556 1440 inhonestam,
1579 1408 1637 1431 nos
1659 1396 1698 1431 de
1719 1397 1819 1443 ipsius
1833 1409 1880 1432 sa-

1133 1446 1196 1479 lute
1227 1445 1375 1484 solliciti,
1416 1445 1584 1492 ipsumque
1622 1445 1661 1479 de
1693 1445 1880 1481 confusione

1132 1495 1255 1529 consilii
1285 1494 1441 1529 Acbitofel
1468 1493 1609 1529 volentes
1630 1506 1758 1534 eruere,
1785 1503 1815 1530 et
1840 1495 1878 1530 ad

1131 1543 1330 1578 devotionem
1353 1543 1514 1578 Ecclesiae
1541 1555 1699 1587 revocare,
1731 1543 1880 1579 duximus

1131 1592 1381 1635 concedendum,
1405 1601 1439 1627 ut
1462 1604 1517 1640 per
1531 1593 1739 1628 venerabilem
1754 1593 1878 1629 fratrem
1892 1592 2084 1650 ppfflcosszffif

1133 1641 1293 1687 Pelagium
1317 1641 1530 1676 Albanensem
1545 1642 1743 1689 episcopum,
1770 1651 1800 1677 et
1823 1643 1878 1677 di·
1892 1664 1940 1680 nem
1960 1660 2007 1681 inin
2027 1665 2129 1691 cunr„

2076 1689 2095 1704 Υ
2112 1694 2125 1707 ἶ]

1132 1691 1228 1725 lectos
1257 1690 1336 1726 tilios
1361 1698 1484 1725 nostros
1504 1691 1658 1726 Thomaiu
1682 1691 1762 1727 tituli
1797 1693 1878 1727 San·
1892 1690 2053 1711 ²⁶⁰¹²⁸³²⁸¹⁵⁰³⁵

1131 1747 1197 1774 ctae
1224 1740 1373 1783 Sabinae,
1399 1747 1429 1774 et
1454 1739 1603 1775 loannem
1632 1740 1712 1776 tituli
1743 1740 1877 1777 Sancta«-

1133 1789 1280 1824 Praxcdis
1314 1789 1512 1836 presbyteros
1539 1789 1714 1825 cardinales
1735 1802 1806 1825 cum
1830 1791 1881 1825 (li-

1131 1838 1221 1873 lectis
1243 1838 1315 1874 filiis
1330 1838 1454 1873 clericis
1475 1838 1688 1874 Ecclesiarum
1705 1848 1878 1875 vestrarum

1131 1888 1213 1934 apud
1251 1888 1365 1923 Sedem
1407 1887 1620 1935 Apostolicam
1653 1889 1878 1931 existentibus,

1131 1949 1253 1972 necnon
1273 1937 1307 1971 Ρ.
1325 1937 1364 1971 de
1380 1937 1569 1984 Altomagno
1584 1938 1694 1983 milite,
1716 1951 1752 1974 ac
1767 1940 1879 1974 nuntio

1131 1986 1282 2033 principis
1318 1987 1500 2030 memorati,
1529 1987 1608 2021 inter
1630 1988 1805 2036 principem
1828 1989 1878 2036 ip-

1130 2048 1200 2069 sum
1223 2047 1259 2070 ac
1284 2035 1415 2071 clericos
1438 2044 1627 2071 memoratos
1650 2049 1708 2084 pax
1731 2045 1878 2073 tractare-

1132 2093 1182 2118 tur
1208 2084 1355 2129 honesta,
1381 2093 1412 2120 et
1438 2085 1557 2120 eisdem
1585 2088 1734 2135 episcopo
1755 2096 1785 2122 et
1807 2099 1877 2122 car-

1131 2133 1289 2168 dinalibus
1332 2134 1566 2175 mediantibus,
1608 2144 1677 2183 post
1711 2143 1874 2171 tractatum

1130 2183 1252 2218 diutius
1286 2183 1447 2223 habitum,
1482 2184 1512 2218 in
1549 2197 1657 2232 pacem
1692 2185 1874 2220 huiusmodi

1130 2241 1356 2277 convenerunt,
1383 2234 1529 2281 ampliata
1552 2234 1760 2281 resignatione
1779 2235 1877 2270 Rave-

1131 2282 1218 2316 niuae
1252 2282 1290 2316 de
1325 2294 1456 2317 assensu
1483 2290 1601 2323 vestro,
1629 2283 1761 2319 deducta
1794 2292 1874 2319 terra

1131 2331 1244 2366 nobilis
1266 2331 1321 2365 riri
1350 2331 1497 2367 Oddonis
1532 2332 1572 2367 de
1599 2332 1723 2367 Roccba
1752 2333 1872 2369 domini
1912 2343 2069 2394 fovemini·

1887 2380 1909 2394 ΞΥ
1921 2380 1978 2395 'CUI-

1129 2442 1239 2464 omnes
1262 2430 1422 2465 Ecclesiae
1451 2438 1586 2471 vestrae,
1621 2443 1730 2466 omnes
1753 2444 1875 2479 posses-

1129 2479 1234 2513 siones
1258 2491 1342 2523 suas,
1369 2491 1447 2527 quas
1479 2479 1624 2514 obtinent
1646 2480 1675 2514 in
1700 2483 1873 2528 praesenti,

1130 2528 1174 2562 vel
1216 2528 1364 2563 habuisse
1397 2529 1565 2575 aliquando
1602 2529 1831 2575 dignoscuntur
1857 2544 1872 2566 a

1131 2585 1269 2624 tempore
1291 2574 1502 2613 coronationis
1517 2578 1617 2612 Alc-xii
1633 2578 1873 2621 Bambacoratii,

1128 2626 1166 2661 ab
1193 2627 1277 2661 omni
1314 2627 1474 2662 exactione
1502 2639 1534 2662 ac
1558 2627 1775 2664 iurisdictione
1800 2629 1874 2664 libe-
