2129 3223
0 1023 27 1111 ἥκω,
3 1011 6 1014 ,
3 991 18 1002 ,,

1 1119 29 1194 ‘ix-‘³²⁹
23 1092 31 1095 .

50 1255 57 1262 -
30 1025 79 1181 {fffffozfff

840 240 1025 263 Gru-:Gontus
1046 241 1082 263 lx
1106 241 1151 263 ΡΡ.

1646 233 1712 264 477
1782 245 1829 270 An.
1849 245 1875 269 c.
1899 245 1963 271 1253

229 293 402 327 innotescat
430 292 565 338 capitulo
598 293 747 337 generati,
788 302 847 327 tam
887 306 975 328 amo-
1019 293 1132 329 habere
1156 305 1343 341 praesumat.
1368 297 1431 331 [Sec
1452 297 1548 332 abbas
1569 296 1764 332 Cluniacen-
1793 305 1866 327 Phne-
1899 312 1958 333 rne-

1779 337 1860 357 henetae
1884 339 1904 358 in
1926 344 1944 358 ni
1953 349 1961 353 -

231 350 347 385 tentes,
373 354 466 388 quani
489 342 722 376 consentientes
749 354 835 377 more
862 342 974 378 Cister-
1017 343 1074 382 sis,
1091 343 1135 377 vel
1158 343 1272 390 aliquis
1295 344 1375 379 alius
1392 346 1487 380 abbas
1510 346 1554 381 vel
1580 346 1664 393 prior
1684 346 1827 389 eius-dano
1849 374 1891 389 nnn
1909 369 1963 389 reu-

229 391 344 425 ‹ziensis
365 390 485 425 ordinis
514 390 695 436 puniantur.
724 391 760 425 Et
783 391 910 437 quidem
944 401 975 426 ut

230 440 354 485 plenum
370 439 555 474 adhibeatur
570 439 643 474 huic
660 440 769 474 morbo
786 441 973 484 remedium,

208 486 211 488 ’
229 489 268 523 ita
290 488 439 523 duximus
462 488 703 534 providendum,
720 488 874 529 videlicet,
889 491 972 536 quod

35 1522 142 1545 Institutio
150 1526 207 1550 prio-

20 1558 67 1574 rum
109 1559 206 1574 conven—

23 1583 120 1609 tualium,
150 1589 204 1611 quo-

22 1614 84 1635 modo
99 1612 203 1636 rabien-ta.

227 537 359 583 singulis
381 537 472 572 annis
500 537 528 570 in
556 536 692 583 generali
726 538 862 584 capitulo
896 539 974 573 ‹lesi-

227 586 345 621 nitores
365 586 503 621 scribant
524 594 554 621 et
577 587 733 620 retineant
755 587 880 622 nomina
907 588 973 621 sin-

225 635 370 678 gulorum
398 635 546 670 abbatum
569 643 599 670 et
622 636 775 682 priorum,
803 637 855 683 qni
900 645 973 671 tunc

227 686 257 718 in
284 684 395 719 eodem
421 684 534 718 suerint
557 685 758 730 congregati,
788 695 817 719 et
852 686 880 719 in
914 697 972 720 se-

224 733 333 779 quenti
355 733 502 779 capitulo,
526 733 614 768 lectis
646 745 755 767 eorum
780 735 971 776 nominibus,

225 783 254 815 in
277 781 395 828 quibus
417 782 565 816 Ecclesiis
591 782 655 816 sint
670 782 798 817 abbates
826 784 868 817 vel
894 785 973 830 prio-

225 843 274 865 res
296 832 419 874 mutati,
441 831 605 876 diligenter
627 832 809 871 attendant,
852 842 881 866 ct
917 833 969 880 qui

224 880 422 924 mutaverint,
449 892 574 914 causam
613 881 819 915 mutationum
858 894 972 928 propo-

224 937 306 963 nant.
335 928 426 971 Quae
462 929 486 963 si
528 929 605 963 iusta
646 929 749 967 fuerit,
781 930 972 977 approbetur

222 978 261 1012 ab
287 978 374 1023 ipsis,
401 978 540 1025 alioquin
570 978 779 1013 mutatoribus
807 991 905 1025 poena
927 992 970 1014 se-

221 1026 362 1061 cundum
389 1026 572 1062 Cistercien.
610 1026 729 1062 ordinis
766 1029 970 1063 consuetudi—

223 1088 293 1111 nem
321 1075 491 1122 infligatur.
520 1075 552 1110 Si
576 1077 648 1123 quis
669 1075 761 1110 suerit
784 1076 822 1111 al)
850 1077 970 1113 abbatia

220 1124 267 1159 vel
291 1125 428 1171 prioratu
457 1138 513 1160 sua
535 1126 625 1171 culpa
649 1133 789 1159 remotus
804 1154 811 1166 ,
835 1126 871 1161 ad
895 1127 969 1161 illud

220 1174 456 1213 monasterium,
479 1175 509 1208 in
532 1186 596 1220 quo
618 1174 711 1219 digne
738 1174 850 1209 defleat
885 1176 969 1222 quod

220 1222 389 1262 commisit,
428 1223 599 1269 superioris
632 1223 828 1269 providentia
869 1233 970 1259 trans-

222 1271 371 1306 mittatur.
398 1271 438 1306 Et
458 1272 483 1306 si
504 1280 630 1318 propter
672 1273 842 1306 senectutis
876 1273 970 1308 defe-

220 1329 318 1360 ctum,
339 1329 393 1354 aut
415 1321 506 1356 aliam
533 1332 659 1355 causam
687 1320 850 1356 honestam
873 1334 970 1369 spon-

222 1378 332 1404 taneus
359 1370 499 1411 cesserit,
520 1376 691 1404 revertatur
712 1370 748 1403 ad
781 1370 966 1412 claustrum,

222 1418 276 1453 illo
295 1417 355 1453 sibi
380 1419 464 1465 quod
487 1418 605 1464 eligere
627 1418 773 1453 maluerit
806 1419 966 1466 deputato.

268 1469 359 1510 §12
384 1468 431 1501 Ad
460 1467 688 1502 institutionem
719 1480 854 1514 namque
884 1470 968 1515 prio-

221 1527 289 1550 rum
312 1515 709 1563 conventualiumabsque
731 1516 865 1552 duorum
890 1519 969 1564 prio-

220 1577 288 1600 rum
314 1565 569 1600 conventualium
593 1565 725 1600 consilio
749 1566 878 1601 minime
901 1580 968 1614 pro-

219 1613 360 1654 cedatur,
377 1622 534 1662 quatenns
555 1614 625 1649 talis
657 1614 852 1661 praeficiatur
867 1643 875 1659 ,
914 1617 966 1662 qui

218 1663 350 1709 noverit,
366 1671 395 1698 ct
418 1663 516 1710 possit
540 1675 673 1709 praeesse
693 1663 817 1710 pariter,
839 1673 868 1699 et
893 1677 967 1711 pro-

166 1742 170 1746 .
218 1710 322 1756 desse,
343 1724 413 1747 cum
443 1725 473 1746 in
501 1712 686 1747 Cistercien.
711 1711 821 1748 ordine
847 1713 967 1760 absque

218 1760 365 1795 abbatum
388 1761 523 1796 consilio
547 1773 607 1795 non
636 1761 819 1795 instituatur
855 1763 967 1808 aliquis

218 1810 248 1843 in
276 1809 436 1844 abbatem.
459 1810 575 1844 Verum
598 1809 669 1855 quia
704 1809 860 1844 interdum
898 1823 966 1845 mo-

219 1858 286 1893 naci
313 1858 459 1893 abbatum
483 1859 528 1893 vel
553 1858 690 1904 priorum
719 1871 849 1894 suorum
888 1860 967 1894 deli-

219 1915 265 1941 cta
293 1907 430 1942 revelare
453 1907 631 1947 formidant,
659 1919 697 1942 ne
723 1907 761 1942 ad
786 1909 905 1954 ignotas
937 1918 965 1944 ct

219 1964 355 1991 remotas
377 1957 553 2003 provincias
574 1956 663 2003 quasi
685 1956 717 1990 in
739 1958 864 1992 exilium
886 1959 966 1993 rele-

219 2013 344 2050 gentur,
370 2005 444 2040 huic
466 2005 575 2040 morbo
597 2006 642 2040 sic
684 2005 831 2041 duximus
862 2008 966 2054 provi-

218 2053 370 2095 dendum,
392 2054 477 2101 quod
507 2054 650 2089 videlicet
686 2056 859 2091 visitatores
893 2069 964 2091 cum

217 2103 407 2138 accesserint
427 2103 465 2138 ad
489 2104 676 2138 monasteria
701 2104 863 2149 visitanda,
891 2105 965 2139 dili-

218 2160 329 2198 genter
350 2152 522 2199 inquirant,
545 2154 568 2185 si
592 2152 664 2198 quis
687 2154 858 2188 monachus
874 2154 962 2189 fuerit

218 2201 272 2236 illo
299 2213 381 2236 anno
399 2214 414 2236 a
438 2202 650 2245 monasterio,
673 2202 723 2236 cui
751 2203 890 2238 officinm
915 2205 964 2237 vi-

217 2250 374 2285 sitationis
395 2251 599 2298 impendunt,
623 2251 770 2296 emissus,
785 2262 814 2287 et
841 2261 966 2299 propter

217 2310 310 2347 quam
333 2311 471 2335 causam.
510 2300 546 2334 Et
580 2301 604 2334 si
644 2311 737 2334 causa
773 2301 965 2336 rationabilis

218 2348 365 2390 extiterit,
391 2349 592 2396 approbetur:
630 2348 768 2395 alioquin
807 2358 835 2384 et
873 2363 965 2385 revo-

218 2405 308 2432 cetur
328 2398 514 2438 monachus,
542 2407 569 2433 et
592 2399 644 2444 qui
668 2409 740 2432 eum
763 2399 863 2433 emisit
889 2400 965 2434 risi-

217 2446 328 2481 tatoris
353 2446 482 2482 arbitrio
510 2448 668 2494 puniatur.

267 2498 283 2538 ἓ
306 2497 362 2529 15.
385 2495 498 2531 Adhuc
515 2496 684 2531 districtius
713 2496 902 2537 inhibemus,
931 2506 963 2532 ut

219 2543 328 2579 nullus
349 2544 455 2591 piures
493 2546 660 2592 prioratus,
702 2557 755 2579 seu
796 2546 963 2592 prioratum

218 2605 290 2628 cum
314 2592 434 2629 abbatia
457 2594 596 2630 eiusdem
616 2594 747 2634 ordinis,
771 2596 815 2629 vot
839 2594 965 2630 alterins

1016 391 1087 426 dem
1122 392 1242 427 ordinis
1275 393 1409 440 aliquem
1445 395 1483 429 de
1521 395 1673 431 subiectis
1705 395 1869 431 sibim*-

1017 441 1206 487 prioratibus
1227 441 1265 476 ad
1290 454 1416 478 manum
1439 455 1526 478 suam
1555 445 1696 486 retineat,
1709 445 1763 481 sed

1014 490 1148 535 singulis
1176 491 1368 537 prioratibus
1391 493 1510 539 priores
1546 494 1663 540 singuli
1705 494 1764 530 de-

1017 548 1178 586 putentur.

1063 591 1078 631 §
1104 590 1157 622 14.
1186 587 1250 623 Nec
1272 589 1395 635 aliquis,
1418 590 1470 636 qni
1497 591 1640 627 ordinem
1683 591 1763 627 Cln-
1796 606 1821 625 td
1855 608 1961 631 prioratu-

1016 636 1136 671 niacen.
1162 648 1223 671 non
1243 637 1332 673 suerit
1358 639 1528 684 professus,
1552 639 1635 675 hunc
1676 637 1961 693 eius-{‡J?„2⁰‘},'‡⁵0⁵f⁵„ss¹,ff

1013 685 1084 719 dem
1107 686 1230 720 ordinis
1258 688 1428 734 prioratum
1452 688 1600 723 obtineat.

1777 697 1846 717 vendi.

1063 739 1078 777 g
1109 737 1162 769 15.
1185 735 1249 770 Nec
1285 736 1314 770 in
1348 737 1453 784 aliquo
1498 738 1634 784 prioratu
1677 752 1761 774 unus
1791 753 1812 774 in
1866 756 1959 781 „stanin

1013 783 1100 818 solus
1128 784 1301 820 monachus
1323 795 1548 830 commoretur,
1575 787 1629 822 sed
1657 790 1685 822 ei
1707 789 1761 836 qui
1777 785 1959 837 ξζῗζξξδζζᾞῗώ

1013 832 1099 866 solus
1120 841 1178 877 est,
1203 845 1285 868 unus
1313 834 1357 869 vel
1382 835 1488 882 plnres
1512 837 1658 871 monachi
1683 850 1761 873 socii

1012 880 1236 927 adiungantur,
1258 884 1283 917 si
1313 884 1369 918 loci
1398 892 1567 932 suppetant
1589 885 1762 925 facultates:

1012 930 1149 977 alioquin
1178 941 1342 967 revocetur
1367 934 1404 967 ad
1432 934 1616 975 claustrum,
1640 936 1763 982 proviso

1012 979 1096 1025 quod
1126 980 1154 1014 in
1178 980 1288 1015 eodem
1318 982 1385 1017 loco
1424 982 1527 1018 divina
1563 984 1763 1025 celebrentur

1013 1028 1156 1063 honeste.

1061 1081 1076 1119 ξ
1108 1080 1160 1112 16.
1191 1078 1281 1113 Circa
1305 1080 1484 1125 qualitatem
1514 1093 1584 1116 vero
1619 1083 1759 1118 ciborum
1789 1094 1958 1115 cibusommbun

1012 1134 1041 1160 et
1065 1134 1155 1172 potus
1182 1139 1304 1162 servare
1328 1130 1540 1175 praecipimus
1556 1157 1563 1170 ,
1588 1138 1621 1164 ut
1651 1126 1837 1167 omnesffl‘m'

1013 1176 1156 1209 monachi
1180 1177 1210 1209 in
1236 1189 1297 1210 uno
1324 1177 1505 1212 reficiantur
1527 1179 1760 1216 refectorio'de

1011 1223 1120 1258 eodem
1150 1237 1228 1271 pane
1250 1234 1279 1260 et
1309 1234 1395 1272 potu,
1430 1238 1465 1261 ac
1503 1239 1565 1263 una
1600 1230 1760 1276 coquina,

1012 1272 1069 1306 nisi
1087 1272 1163 1307 forte
1187 1274 1326 1320 ipsorum
1350 1275 1487 1322 aliquem
1507 1278 1674 1313 comedere
1687 1291 1758 1314 cum

1010 1320 1121 1356 abbate
1149 1323 1193 1356 vel
1219 1324 1332 1369 priore,
1360 1336 1416 1358 seu
1442 1325 1471 1358 in
1496 1326 1663 1361 infirmaria
1681 1339 1759 1362 con-

1011 1370 1116 1416 tingat.
1146 1371 1253 1406 Abbas
1279 1380 1395 1417 autem,
1424 1374 1469 1408 vel
1498 1375 1583 1420 prior
1611 1377 1641 1410 in
1679 1376 1759 1411 rel'e-

1010 1420 1106 1453 ctorio
1121 1433 1190 1454 cum
1216 1420 1364 1456 fratribus
1387 1422 1541 1464 comedat,
1557 1425 1613 1459 nisi
1634 1434 1759 1472 propter

1010 1467 1148 1513 hospites
1170 1478 1269 1504 mutet
1298 1470 1414 1506 locum.
1450 1471 1487 1506 Et
1523 1473 1553 1506 in
1589 1474 1758 1510 infirmaria

1010 1516 1116 1551 nullus
1138 1519 1304 1562 comedat,
1329 1520 1388 1554 nisi
1423 1531 1550 1567 propter
1594 1522 1759 1558 infirmita-

1010 1573 1071 1599 tem
1097 1567 1140 1601 iel
1164 1567 1356 1603 debilitatem
1380 1569 1453 1604 illuc
1493 1570 1586 1606 luerit
1617 1571 1759 1607 destina-

1011 1623 1070 1649 [tls.

1057 1671 1072 1706 3'
1101 1669 1151 1698 17.
1176 1665 1391 1712 praecipimus
1413 1667 1505 1702 etiarn
1529 1669 1634 1711 (iuxta
1673 1670 1757 1717 quod

1009 1713 1039 1747 in
1068 1713 1146 1747 beati
1173 1713 1331 1749 Benedicti
1361 1717 1462 1761 regula
1486 1718 1687 1763 continetur)
1725 1727 1757 1753 ut

1009 1762 1114 1796 nullus
1137 1763 1311 1798 monachus
1334 1764 1364 1798 in
1383 1766 1495 1811 quovis
1518 1766 1586 1802 loco
1603 1767 1648 1802 vel
1663 1766 1758 1803 domo

1008 1810 1224 1846 Cluniacensis
1246 1812 1377 1857 ordinis,
1405 1822 1458 1848 aut
1480 1823 1577 1860 extra,
1601 1816 1658 1851 nisi
1687 1825 1758 1851 tan-

1008 1869 1074 1895 tuin
1099 1860 1129 1894 in
1158 1860 1327 1896 infirmaria
1359 1871 1415 1905 tut
1457 1865 1650 1911 praedictum
1687 1870 1757 1909 est)

1007 1921 1118 1944 carnes
1146 1909 1337 1946 manducare
1366 1922 1554 1958 praesumat.
1582 1914 1675 1956 Quod
1702 1917 1756 1963 qui

1009 1960 1264 2005 praesumpserit,
1282 1960 1307 1994 si
1334 1961 1509 1996 claustralis
1536 1963 1628 1998 fuerit
1643 1992 1650 2004 ,
1672 1966 1756 2011 gravi

1009 2019 1127 2054 poenae
1148 2008 1313 2049 subdatur,
1341 2012 1386 2045 vel
1421 2011 1445 2044 si
1469 2011 1667 2057 dignitatem,
1711 2016 1755 2048 vel

1007 2057 1309 2093 administrationem
1352 2060 1507 2101 habuerit,
1544 2062 1684 2108 privetur
1710 2075 1758 2098 ea-

1008 2106 1091 2141 dem.

1057 2159 1071 2198 §
1100 2158 1154 2190 18.
1180 2155 1259 2191 lllud
1281 2170 1408 2205 quoque
1442 2158 1599 2194 observari
1636 2162 1757 2207 praeci-

1008 2206 1124 2251 pimus,
1147 2213 1180 2238 ut
1204 2206 1350 2241 monachi
1374 2208 1453 2242 sicut
1476 2208 1506 2242 in
1529 2208 1666 2244 claustro
1683 2236 1690 2247 ,
1716 2211 1756 2244 ita

1008 2262 1035 2288 ct
1066 2253 1140 2288 foris
1165 2253 1295 2289 honeste
1317 2268 1349 2289 se
1381 2256 1537 2300 habeant,
1571 2269 1630 2292 nec
1669 2259 1758 2293 inee-

1008 2303 1081 2336 dant
1104 2303 1171 2337 sine
1198 2303 1332 2347 cuculla,
1354 2313 1383 2338 et
1408 2305 1507 2345 ssoeo,
1531 2306 1577 2340 vel
1601 2306 1668 2341 sine
1693 2319 1757 2341 cu-

1007 2352 1101 2395 culla,
1123 2359 1153 2385 et
1177 2363 1275 2398 cappa
1300 2353 1443 2398 regulari,
1464 2366 1524 2389 non
1563 2354 1657 2399 bicia,
1692 2368 1756 2391 non

1008 2407 1204 2447 sumptuosa,
1227 2401 1280 2435 sed
1310 2403 1374 2446 tali,
1396 2414 1477 2449 quae
1509 2403 1636 2450 triginta
1674 2405 1757 2439 soli-

1007 2449 1120 2484 dorum
1149 2449 1290 2495 precium
1314 2462 1374 2484 non
1400 2451 1540 2486 excedat.
1577 2452 1616 2487 Et
1650 2454 1757 2489 nullus

1007 2498 1102 2533 abbas
1125 2497 1171 2532 rel
1201 2499 1285 2545 prior
1307 2499 1376 2534 sine
1400 2500 1528 2547 postella
1556 2509 1585 2536 ct
1611 2503 1686 2537 sella
1713 2516 1758 2538 re-

1007 2547 1117 2594 gulari,
1139 2559 1202 2581 non
1219 2555 1321 2582 tamen
1340 2549 1492 2596 preciosa,
1508 2551 1648 2598 equitare
1665 2564 1756 2599 prae·

1007 2605 1121 2641 sumat,
1149 2607 1207 2631 nec
1240 2597 1356 2633 alionis
1394 2598 1569 2635 monachus
1611 2601 1758 2649 equitans

1787 1680 1887 1701 Carnibus
1897 1682 1954 1701 vesci

1774 1717 1815 1732 non
1831 1712 1902 1732 liceat.

1783 2170 1813 2191 De
1845 2170 1939 2191 vestibu-

1770 2209 1883 2230 earumque
1907 2209 1940 2223 mo

1771 2235 1839 2254 denia
