2129 3223
113 280 161 304 An.
178 280 196 305 C
229 279 290 305 test

136 2445 163 2464 tu
180 2446 240 2465 vestit
251 2451 272 2465 us
284 2449 304 2465 et

131 2478 212 2497 ectutov

358 270 427 302 460

307 334 463 376 debilitet,
486 334 599 367 lectum
623 341 652 367 et
680 320 795 367 cibaria
817 341 1003 371 conventus
1025 333 1080 368 et'

309 384 424 417 ieiunia
443 394 504 416 non
523 383 700 416 immutent.
723 382 756 417 Si
775 390 880 417 tamen
905 383 935 416 in
950 382 1056 428 aliquo

307 444 378 466 cum
403 431 519 466 talibus
554 431 650 478 priori
680 431 840 466 videbitur
866 431 1055 478 dispensan-

307 481 397 520 dum,
421 480 583 527 indulgeat
609 481 780 516 moderate.
809 481 869 516 Alii
888 489 992 515 autem
1013 481 1055 514 in-

308 531 406 569 firmi,
444 531 498 576 qui
536 529 732 576 aegritudine
766 531 849 576 gravi
884 537 915 565 et
944 529 1054 576 grandi

307 579 464 614 debilitite
500 580 618 614 minine
653 579 876 623 molestantur,
911 579 941 612 in
965 590 1057 626 prae-

307 629 408 676 cipuis
435 629 578 669 ieiuniis,
606 638 636 663 et
663 641 719 676 per
747 637 845 663 totum
874 627 1054 662 Adventum

899 279 959 301 nst.
962 279 978 300 L
982 278 1060 300 ΑΚΙΙ
1062 278 1087 300 Μ
1114 277 1184 299 ROM
1188 276 1278 299 AMM

1099 334 1127 366 in
1151 331 1279 366 arbitrio
1305 332 1346 366 sit
1372 330 1485 378 prioris
1508 342 1562 376 pro
1591 331 1684 377 iuppa
1722 329 1844 363 tertiam

1099 381 1235 416 tunicam
1256 380 1593 435 fratribusprovidere,
1608 387 1639 414 et
1654 378 1738 413 nulla
1753 377 1848 412 vestis

1098 430 1227 477 pellicea
1249 429 1417 470 habeatur,
1451 442 1510 464 nisi
1532 441 1642 473 ovina,
1663 429 1709 463 vel
1732 427 1846 474 agnina

1099 479 1300 515 mediocriter
1321 491 1440 525 grossa
1463 479 1540 513 ltem
1565 478 1645 513 duae
1668 478 1846 512 stamineae:

1099 530 1210 576 poterit
1238 537 1340 564 tamen
1369 528 1454 575 prior
1481 539 1536 574 pro
1557 527 1720 562 stamineis
1750 527 1848 561 cami-

1098 579 1160 613 sias
1181 578 1220 613 de
1243 589 1347 625 panno
1369 586 1544 624 stuppeoD
1526 588 1636 611 nrrosso
1662 575 1848 620 concedere,

1077 670 1078 673 Ἴ
1098 628 1213 674 quibus
1240 627 1350 662 viderit
1371 604 1544 673 expedire.D
1555 625 1632 660 Item
1658 624 1722 660 duo
1741 625 1848 660 femo-

307 678 480 712 secundum
509 677 794 713 considerationem
831 677 941 724 prioris
976 677 1057 712 ieiu-
1077 680 1078 711 l
1098 677 1186 721 ralia,
1213 677 1293 712 duae
1315 676 1433 721 caligae
1454 674 1575 715 laneae,
1602 682 1631 709 et
1653 683 1788 721 quatuor
1808 674 1849 709 la-

205 727 229 730 ⁴‘
254 735 257 746 ³
308 736 393 762 nent
422 727 449 761 A
477 727 626 762 carnibus
653 736 682 761 et
698 727 852 773 sagimine
874 726 959 761 omni
978 734 1079 766 tem·
1077 713 1079 738 ³
1100 738 1174 761 neae
1201 726 1268 760 sine
1291 703 1469 772 pedulibus,
1507 731 1642 771 quatuor
1673 724 1848 763 scuss'ones,

308 789 382 822 pore
415 776 526 811 fratres
567 788 678 811 omnes
720 785 749 810 et
790 787 915 810 sorores
958 771 1079 809 alisti-
1078 803 1079 832 1
1098 783 1129 809 et
1150 775 1213 809 duo
1231 774 1417 818 subtelares,
1439 782 1468 808 et
1488 773 1569 808 duae
1587 772 1691 807 bottae
1706 772 1849 818 filtratae,

309 835 412 865 neant,
435 833 555 872 praeter
583 826 711 860 omnino
733 825 870 865 debiles
897 832 927 859 et
953 836 1059 870 aegro·

308 884 370 914 103,
398 875 515 921 quibus
549 887 623 909 usus
650 887 760 909 eorum
793 887 831 908 ex
859 874 1057 913 infirmitate,

306 936 341 958 ac
365 936 420 969 pro
443 924 639 970 reparatione
666 923 799 958 concedi
823 923 937 970 poterit
960 923 992 957 in
1015 923 1056 956 in

306 973 472 1008 firmitorio
498 985 514 1007 a
544 973 663 1019 priore,
694 973 740 1007 vel
769 972 863 1007 etiam
886 971 977 1016 alibi,
1006 971 1056 1005 ubi

308 1023 374 1068 ipse
396 1034 467 1056 cum
497 1022 721 1056 deliberatione
750 1021 878 1067 capituli
908 1033 963 1066 pro
993 1021 1058 1055 evi-

307 1072 392 1105 denti
433 1071 637 1110 necessitate,
674 1071 720 1104 vel
761 1069 936 1104 rationabili
964 1082 1057 1103 causa

307 1120 417 1154 viderit
439 1120 602 1167 expedire,
638 1119 693 1154 sed
721 1132 793 1154 cum
826 1122 865 1153 ita
887 1119 1058 1153 convalue-

307 1170 380 1207 rint,
399 1170 484 1216 quod
507 1169 736 1204 convenienter
757 1168 826 1202 aliis
845 1176 991 1215 poterunt
1015 1169 1080 1206 uti

307 1218 404 1262 cibis,
437 1226 562 1253 cessent
583 1218 621 1252 ad
648 1218 841 1252 voluntatem
873 1217 1001 1263 prioris,
1030 1225 1059 1252 et

308 1268 409 1302 sciant
436 1268 595 1302 licentiam
618 1267 761 1301 eamdem
785 1266 843 1300 sibi
861 1266 993 1301 ulterius
1011 1267 1081 1301 in-

1078 833 1129 859 et
1152 824 1216 859 duo
1240 824 1312 871 pilei
1335 823 1428 862 lanei,
1455 823 1502 857 vel
1526 821 1658 869 pellicei.
1686 821 1850 857 Sufficiant

1099 881 1202 908 autem
1231 872 1359 907 cuilibet
1382 884 1464 907 unus
1485 883 1607 914 saccus,
1629 880 1660 905 et
1682 883 1780 905 unum
1801 883 1851 906 ca·

1100 923 1195 969 pitale
1227 922 1266 956 de
1303 921 1440 967 plumis,
1474 921 1529 968 qui
1560 920 1696 955 duonum
1731 920 1848 967 pedum

1100 971 1330 1026 longitudinem
1366 982 1428 1005 non
1465 969 1610 1010 excedat,
1645 969 1710 1004 duo
1737 970 1850 1004 lintea-

1101 1021 1186 1055 mina
1207 1019 1314 1075 lanea,
1349 1020 1583 1066 coopertorium
1618 1019 1765 1058 ovinum,
1793 1031 1850 1054 seu

1100 1070 1219 1114 lena,s
1204 1070 1274 1104 sive
1306 1069 1404 1104 cultra
1436 1081 1497 1104 non
1526 1069 1667 1109 curiosa,
1694 1068 1748 1102 sed
1772 1068 1850 1103 sim-

1102 1118 1224 1164 pliciter
1245 1126 1383 1173 operata.
1410 1118 1580 1153 Conversis
1609 1117 1764 1164 praedicta
1789 1117 1849 1152 sul*-

1101 1168 1206 1202 ficiant
1228 1168 1434 1211 vestimenta,
1461 1175 1491 1201 et
1529 1167 1646 1201 eisdem
1670 1167 1850 1201 stramentis

1079 1219 1081 1267 ξ
1101 1217 1270 1257 lectorum,
1307 1225 1338 1252 et
1358 1194 1582 1255 calciamentis,
1618 1224 1649 1250 et
1676 1215 1766 1263 pileis
1787 1215 1850 1250 sint

1080 1266 1257 1313 contenti;
1279 1273 1394 1307 cottam
1419 1273 1522 1300 tamen
1540 1272 1571 1300 et
1590 1265 1692 1299 bottas
1713 1276 1776 1299 non
1799 1264 1852 1299 ba-

309 1316 482 1351 terdictam
513 1316 599 1351 Usus
620 1324 725 1350 autem
756 1316 838 1350 casei
871 1324 901 1350 et
928 1327 1081 1350 ovorum
1102 1315 1212 1356 beant
1246 1315 1305 1349 uisi
1332 1327 1389 1362 pro
1420 1315 1522 1362 aliqua
1550 1313 1723 1349 rationabili
1757 1326 1851 1349 causa

309 1365 589 1412 omnibusubique
608 1365 805 1409 conceditur
827 1373 959 1411 excepto
973 1352 1081 1414 quodi
1080 1365 1206 1399 bottae
1233 1364 1447 1399 concedantur
1473 1364 1563 1398 alicui
1599 1376 1615 1398 3
1644 1363 1764 1410 priore;
1791 1363 1851 1397 sin-

309 1414 457 1448 sratribus
477 1422 507 1448 et
539 1414 700 1448 sororibus
723 1414 827 1448 Sincti
855 1414 950 1448 Marci
975 1426 1061 1460 prac-
1080 1410 1183 1459 gulis
1214 1422 1317 1448 tamen
1341 1425 1450 1447 eorum
1480 1425 1536 1460 pro
1558 1412 1652 1447 bottis
1673 1424 1729 1459 par
1750 1424 1849 1447 unum

311 1463 384 1496 dicti
413 1463 493 1497 intra
528 1463 706 1497 districtum
734 1463 881 1496 Mantuae
914 1462 1060 1507 denega-
1080 1431 1082 1487 l
1101 1462 1287 1496 conceditur
1308 1462 1537 1509 cappellorum.
1571 1461 1736 1496 Sufficiant
1757 1462 1850 1496 etiam

310 1520 377 1551 tur,
401 1512 458 1546 nisi
481 1524 518 1546 ex
538 1512 790 1559 dispensatione,
817 1512 897 1546 sicut
923 1511 963 1545 de.
985 1523 1060 1545 car·
1080 1498 1082 1558 l
1102 1511 1229 1546 cuilibet
1251 1523 1396 1545 sororum
1430 1523 1491 1545 una
1514 1511 1640 1555 clamis,
1673 1510 1755 1545 duae
1777 1510 1853 1545 hin-

310 1560 406 1595 uibus
427 1569 473 1595 est
499 1573 698 1607 expressum,
722 1573 760 1595 ne
782 1560 916 1595 violetur
937 1560 1060 1594 favora-
1081 1559 1082 1562 ’
1102 1560 1173 1603 dae,
1207 1561 1313 1595 tunica
1341 1572 1402 1594 una
1429 1559 1574 1607 superior
1606 1572 1678 1594 cum
1713 1559 1852 1607 caputio,

311 1609 382 1643 bilis
408 1609 606 1644 consuetudo
630 1622 684 1656 per
705 1609 820 1644 Sedem
844 1609 1059 1656 Apostolicam
1103 1618 1134 1643 et
1157 1609 1238 1643 duae
1267 1609 1443 1646 interiores,
1477 1621 1578 1643 unum
1606 1609 1784 1663 scapulare
1805 1608 1852 1643 la-

311 1658 499 1704 approbata,
531 1670 626 1705 quam
661 1658 815 1693 hactenus
845 1666 1059 1692 53πν·.3ι3ι331
1103 1670 1217 1702 neum,
1251 1671 1313 1693 una
1335 1658 1504 1713 guarnacia
1527 1657 1676 1704 pellicea;
1706 1657 1853 1692 camisias

311 1706 345 1740 ln
369 1707 519 1742 omnibus
540 1715 645 1742 autem
667 1707 766 1742 sixtis
790 1707 892 1745 feriis,
921 1715 951 1741 et
971 1719 1062 1753 prae·
1082 1725 1083 1758 ι
1104 1719 1188 1746 vero,
1211 1707 1256 1741 vel
1279 1707 1460 1751 stamineas,
1482 1714 1513 1741 et
1534 1706 1737 1748 lectisternia,
1758 1714 1853 1754 atque

311 1755 412 1802 cipnis
440 1756 581 1795 ieiuniis,
613 1764 644 1790 et
670 1769 726 1803 per
748 1764 847 1791 totum
879 1751 1083 1790 Adventum
1104 1756 1320 1800 calciamenta,
1347 1765 1377 1791 et
1401 1756 1511 1802 pileos,
1547 1755 1589 1790 ita
1616 1755 1661 1790 eis
1684 1734 1798 1790 habere
1820 1755 1854 1790 li-

311 1816 422 1840 omnes
448 1805 568 1860 ubique
589 1804 629 1839 ab
662 1805 730 1840 ovis
757 1813 787 1839 et
809 1816 900 1839 caseo
927 1804 1064 1839 debeant
1104 1813 1191 1844 eeat,
1224 1806 1306 1840 sicut
1338 1805 1462 1839 clericis
1496 1804 1615 1839 licitum
1650 1813 1697 1840 est
1725 1804 1852 1839 habere.

312 1853 482 1895 abstinere,
511 1854 569 1888 nisi
592 1866 630 1888 ex
653 1853 899 1900 dispensatione,
925 1854 1006 1888 sicut
1025 1854 1063 1888 de

312 1902 463 1938 carnibus
490 1903 637 1950 superius
661 1903 849 1937 continetur.
877 1903 961 1937 Sane
985 1915 1064 1938 con-

313 1953 417 1986 ventui
448 1952 511 1986 duo
540 1960 626 1986 cocta
657 1951 818 1998 pulmenta
849 1952 878 1986 in
902 1952 953 1986 die
974 1951 1063 1987 suffi-

313 2002 407 2045 ciant,
434 2002 498 2036 sive
521 2014 582 2035 una
604 2002 644 2036 sit
666 2001 805 2041 refectio,
828 2001 893 2035 sive
914 2000 1006 2035 duae.
1029 2000 1063 2035 Si

313 2050 388 2097 quid
411 2058 514 2085 autem
542 2049 724 2085 addendum
748 2049 920 2094 videbitur,
948 2050 1065 2085 mode—

315 2107 379 2134 rate
407 2099 471 2144 fiat,
493 2107 613 2134 servata
632 2099 663 2133 in
681 2099 829 2133 omnibus
852 2099 1012 2145 parcitate.
1038 2099 1064 2133 A

314 2149 448 2192 Pascha,
476 2161 578 2195 usque
600 2148 638 2183 ad
672 2147 902 2182 Exaltationem
931 2148 1065 2182 Sanctae

315 2197 428 2232 Crucis
448 2197 555 2232 clerici
583 2205 715 2244 pausent
742 2197 772 2231 in
796 2197 884 2231 lectis
906 2197 973 2231 suis
996 2206 1065 2244 post

318 2247 494 2291 fraudium,
521 2246 570 2281 vel
598 2255 667 2293 post
701 2254 832 2285 sextam,
860 2246 986 2292 quando
1020 2247 1066 2280 ie-

318 2298 426 2331 iunant
446 2308 546 2342 usque
567 2296 605 2330 ad
628 2308 756 2335 nonam,
776 2296 833 2329 nisi
857 2295 935 2330 forte
952 2307 966 2329 3
986 2295 1067 2342 prio-

320 2358 369 2383 re,
396 2344 444 2380 vel
465 2346 582 2380 tenenti
605 2345 703 2379 vicem
727 2345 794 2378 eius
815 2344 985 2392 aliquando
1008 2344 1067 2378 ab-

319 2394 497 2435 Α-οΙν33ωῐ,
519 2394 630 2431 eodem
653 2395 747 2428 ctiam
771 2393 881 2428 ordine
904 2394 1067 2440 quiescant

321 2444 350 2476 in
378 2442 467 2478 lectis
502 2444 567 2478 suis
593 2455 727 2478 sorores.
762 2443 905 2478 Sufficiat
939 2439 1088 2478 cuilibetl

319 2491 506 2527 clericorum
530 2505 591 2527 una
619 2504 728 2539 cappa,
761 2504 822 2526 333
856 2499 939 2526 cotta
974 2492 1067 2533 linea,

321 2539 384 2574 duo
402 2541 575 2588 scapularia
590 2542 690 2586 lanea,
713 2541 792 2576 «luae
809 2542 946 2580 tunicae,
970 2553 1066 2575 unum

322 2590 482 2636 scapulare
510 2590 695 2636 pelliceum,
716 2591 781 2625 sive
809 2602 870 2625 una
896 2590 1007 2636 pellis,
1039 2592 1091 2624 eti

323 2649 419 2672 unum
437 2639 603 2685 pelliceum
626 2641 693 2674 sine
716 2640 821 2687 iuppa.
843 2639 1068 2674 Verumtamen

1105 1853 1221 1889 Omnia
1244 1866 1318 1889 vero
1347 1855 1435 1888 lanea
1458 1853 1642 1888 indumenta
1669 1854 1734 1889 sint
1754 1863 1853 1888 natu-

1106 1903 1179 1938 ralis
1205 1903 1337 1943 coloris,
1372 1911 1402 1938 et
1436 1915 1499 1937 non
1532 1903 1647 1938 tincta:
1674 1903 1715 1938 de
1749 1904 1854 1938 colore

1106 1964 1197 1993 vero,
1237 1952 1283 1986 vel
1317 1952 1532 1998 grossitudine
1567 1953 1721 1992 vestium,
1749 1952 1855 1987 nullus

1106 2009 1300 2045 murmuret,
1335 2001 1385 2035 vel
1420 2009 1578 2043 causetur,
1606 2014 1664 2037 nec
1691 2001 1856 2036 interdici—

1108 2063 1177 2084 mus
1204 2051 1387 2085 vestimenta
1407 2050 1446 2084 de
1471 2063 1585 2097 panno,
1613 2051 1694 2095 lana,
1727 2051 1856 2098 linoque

1107 2108 1263 2134 contexta.
1295 2099 1432 2133 Infirmis
1458 2108 1562 2134 autern
1598 2101 1627 2135 in
1657 2100 1856 2134 infirmitorio

1108 2149 1293 2187 iacentibus,
1315 2157 1345 2183 et
1363 2149 1456 2183 etiam
1481 2149 1539 2182 iter
1560 2149 1727 2195 agentibus
1749 2149 1856 2183 lintea-

1107 2198 1247 2232 minibus
1274 2198 1384 2241 laneis,
1412 2206 1442 2232 et
1470 2198 1557 2232 lectis
1584 2199 1718 2245 plumeis
1741 2198 1783 2232 uti
1813 2198 1856 2232 li—

1108 2246 1202 2281 cebit.
1239 2246 1347 2281 Liceat
1382 2248 1475 2282 etiam
1513 2248 1608 2293 priori
1642 2246 1857 2293 superaddere

1108 2295 1227 2342 aliquid
1250 2296 1288 2330 de
1318 2296 1469 2338 vestibus,
1492 2296 1539 2330 vel
1561 2296 1772 2334 lectisterniis
1791 2296 1856 2330 sive

1109 2345 1246 2399 capitum
1274 2346 1501 2399 opeiimentis‚
1529 2357 1585 2380 533
1614 2346 1707 2379 etiam
1740 2345 1857 2379 calcia-

1110 2395 1242 2433 mentis,
1278 2407 1340 2428 non
1372 2395 1456 2429 iuxta
1489 2394 1686 2428 curiosorum
1709 2394 1857 2428 volunta-

1088 2475 1089 2479 ,
1110 2450 1185 2483 tem,
1212 2443 1266 2477 sed
1290 2443 1466 2478 secundum
1489 2442 1702 2487 honestatem,
1730 2443 1777 2478 vel
1801 2455 1858 2477 ne-

1087 2481 1090 2546 }
1110 2492 1287 2527 cessitatem
1301 2493 1394 2527 etiam
1408 2491 1596 2527 evidentem.
1618 2491 1653 2526 ln
1669 2492 1726 2527 hac
1739 2501 1857 2532 tamen,

1109 2553 1164 2575 seu
1196 2541 1253 2576 alia
1280 2541 1422 2588 qualibet
1453 2540 1686 2587 dispensatione
1721 2553 1782 2576 non
1807 2549 1858 2576 at-

1110 2590 1216 2624 tendat
1243 2592 1329 2637 prior
1355 2590 1469 2624 malam
1498 2589 1686 2624 voluntatem
1719 2590 1858 2625 inviden-

1087 2637 1208 2685 jtium,
1244 2639 1298 2675 sed
1321 2647 1451 2687 paterno
1477 2638 1591 2674 affectu
1618 2639 1857 2675 necessitatibus

1860 269 1910 295 An.
1927 268 1958 295 C.
1974 267 2037 294 423!
