2129 3223
8 1016 23 1087 (αρε.
10 990 18 995 ι

68 227 117 254 An.
135 226 164 254 C.
185 228 250 255 tiae

59 2165 136 2187 Potitio
160 2167 184 2187 da
207 2165 228 2186 Β.

48 2196 158 2218 vitttiotmo
167 2203 230 2219 cano-

47 2229 142 2249 niznndn·

899 231 1063 255 ltoxomcs
1084 233 1122 256 111
1145 234 1192 256 PP.

265 286 420 330 militans,
455 285 564 332 partim
593 285 622 318 in
659 284 746 319 coelo
778 298 849 320 cum
879 285 1005 321 Christo

263 335 469 384 triumphans,
486 334 535 369 liic
549 333 643 379 gratia
659 333 881 381 Redemptoris
899 336 1003 372 adiuta

263 395 417 426 meretur,
453 384 537 420 unde
572 382 785 430 ibtfelicitei·
818 394 1003 428 coronanti-3

261 436 312 472 liic
336 435 568 480 contemplatur
590 445 645 480 per
670 433 835 479 speculum
860 435 889 469 in
912 436 1003 480 enig-

251 494 341 521 mate
359 513 368 527 ,
413 484 568 533 quidquid
612 483 687 518 facie
730 483 767 517 ad
810 483 918 519 faciem
960 485 1000 520 ibi

259 536 378 575 cernit;
404 543 434 570 et
455 535 525 582 quia
554 540 638 569 tanto
660 532 700 566 ibi
725 532 855 576 flagrant
887 534 1002 570 arden-

257 584 320 619 tius
346 585 505 624 charitate,
532 585 585 631 qui
612 582 735 618 divinae
763 582 908 618 fruuntur
930 584 1001 619 dul-

257 634 371 670 cedine
388 634 528 674 visionis,
551 640 669 681 quanto
680 631 772 671 Eum,
791 633 842 679 qui
867 633 1000 669 charitas
1020 634 1021 657 ἶ

256 691 316 728 est,
342 684 475 720 vicinius
501 684 674 727 intuentur,
705 682 797 717 etiam
827 682 856 716 hi
884 680 1020 733 cettan-J

1019 743 1020 754 ³
1041 741 1132 769 tatem
1162 735 1290 770 minime
1312 735 1513 780 denegantes,
1536 739 1669 774 libenter
1692 742 1785 777 velle-

257 743 302 769 tes
325 746 386 769 non
414 734 514 770 solum
542 734 610 769 suis
635 732 829 768 orationihus
849 732 997 768 adiuvant

254 783 336 829 apud
358 784 473 826 Deum,
504 796 610 818 verum
644 790 675 817 et
701 781 926 817 miraculorum
954 784 998 817 si-

252 834 323 880 gnis
344 833 486 870 obtinent
507 833 687 873 confortari,
714 831 830 879 quibus
854 832 910 878 ipsi
939 846 996 867 ma-

251 883 365 928 gnifice
386 891 604 927 coruscantes,
631 883 752 917 «livinae
779 881 895 927 gloriae
927 895 996 929 par-

252 933 362 979 ticipes
382 933 579 968 ineffabiliter
605 946 638 969 se
659 931 843 975 ostendunt,
865 939 894 966 et
920 932 994 967 dnm

250 982 289 1016 de
317 983 377 1018 lide
404 984 442 1018 ad
470 996 559 1030 spem
581 991 612 1018 et
634 983 672 1017 de
695 995 750 1028 spe
773 981 808 1015 ad
828 994 905 1022 rem,
928 982 995 1017 cha-

251 1032 340 1067 ritate
368 1033 547 1068 nullatenus
586 1033 776 1072 decedente,
808 1031 862 1065 sed
893 1032 1016 1078 potius:

248 1091 486 1128 augumentata‚
513 1083 663 1118 exhibent
689 1095 722 1117 se
745 1080 874 1115 feliciter
886 1093 1015 1128 perve-¹

1014 1131 1207 1166 'sanctitatis
1241 1132 1438 1168 existentiam
1471 1134 1604 1170 sufficiat
1631 1137 1778 1182 perfectio

247 1132 345 1169 nisse.
367 1132 459 1166 datur
482 1133 626 1178 promissi
652 1131 779 1178 praemii
803 1131 994 1167 certantibus

247 1181 415 1221 certitudo,
442 1190 471 1216 et
500 1183 546 1216 sic
568 1181 691 1216 finalem
721 1183 749 1215 in
775 1180 856 1214 bono
878 1193 1015 1227 perse-⁴

246 1231 414 1267 verantiam
444 1231 608 1266 efficaciter
633 1232 776 1266 suadent.
805 1230 883 1272 Quis
910 1231 1015 1266 enim>

1013 1288 1014 1295 ¹
1035 1287 1062 1312 et
1083 1280 1222 1314 nonnulli
1247 1280 1394 1316 iustitiam
1417 1295 1504 1317 sunm
1526 1284 1645 1318 faciunt
1673 1297 1777 1321 corant

246 1279 356 1315 videns
378 1281 492 1316 electos
510 1281 670 1316 Ecclesiae
694 1290 763 1328 post
787 1280 878 1313 finem
899 1280 993 1316 huius

248 1330 325 1364 vitae
351 1330 486 1369 felicem,
509 1331 597 1366 novis
623 1342 786 1365 coruscare
809 1330 989 1369 miraculis,
1012 1351 1013 1365 t

245 1379 338 1424 capiti
361 1381 441 1418 eins.
464 1380 592 1415 Christo
619 1380 774 1418 videlicet,
799 1391 860 1413 non
889 1380 992 1425 cupiat

246 1428 497 1476 inseparabiliter
521 1430 708 1470 adhaerere,
734 1437 764 1463 ut
788 1442 871 1464 unus
898 1430 1013 1484 spiri-3

244 1486 295 1514 tus
316 1479 355 1515 sit
376 1492 450 1515 cum
478 1480 539 1514 eo?
563 1488 617 1514 aut
644 1479 805 1526 quomodo
837 1479 864 1513 ci
893 1478 991 1513 obse-

245 1528 353 1571 quium
376 1529 558 1576 denegabit,
582 1529 635 1575 qui
658 1529 715 1563 sihi
744 1528 991 1575 obsequentibus
1010 1564 1012 1571 ,

244 1577 322 1614 dans
345 1579 486 1618 virtutes,
511 1586 592 1614 tanta
619 1579 754 1624 praemia
777 1578 937 1624 elargitur,
958 1586 990 1613 ut
1010 1591 1012 1625 ζ

243 1627 396 1663 haeredes
418 1628 546 1674 quidem
569 1628 708 1668 Domini,
732 1628 921 1663 cohaeredes
940 1640 992 1662 au-
1010 1644 1011 1648 ¹

244 1685 305 1712 tem
324 1677 441 1713 Christi
464 1679 566 1713 effecti
589 1678 704 1720 gloriae
725 1678 809 1722 regni
833 1677 989 1716 coelestis,

243 1726 376 1771 insignia
398 1740 542 1775 quaeque
568 1727 700 1762 feliciter
722 1727 912 1765 obtinentes,
936 1727 991 1761 mi-

244 1777 385 1812 raculose
406 1777 586 1812 revelentur
609 1778 637 1811 in
661 1777 763 1816 terris,
786 1785 815 1810 et
834 1776 988 1823 quidquid
1009 1821 1010 1824 Ἴ

245 1826 410 1868 petierint,
443 1827 495 1862 siat
534 1826 607 1861 eis?
637 1825 879 1861 Confundantur
914 1838 1010 1870 ergo¹

244 1875 362 1919 iudaei,
389 1877 592 1911 confutentur
613 1876 775 1914 haeretici,
803 1875 989 1910 erubescant
1008 1901 1010 1922 f

244 1924 377 1970 pagani,
413 1934 442 1960 et
477 1933 658 1973 peccatores
691 1925 728 1959 ad
765 1925 1010 1970 poenitentiam,

1008 1972 1121 2007 *bruni
1156 1974 1340 2017 statuenda,
1377 1988 1447 2010 eum
1480 1986 1601 2022 praeter
1628 1979 1685 2013 alia
1715 1982 1773 2014 mi-

1008 2022 1152 2065 ¹racula,
1187 2036 1266 2070 qnae
1288 2023 1415 2069 longum
1452 2036 1534 2062 esset
1563 2040 1618 2074 per
1652 2029 1773 2075 singula

1007 2084 1190 2121 genart-are,
1217 2073 1420 2119 sepulchrum
1443 2076 1511 2110 eius
1538 2078 1598 2111 olei
1632 2079 1772 2113 ubertate

243 1981 476 2017 convertantur,
498 1974 572 2009 dum
597 1975 690 2010 fidem
714 1975 744 2009 in
767 1974 892 2009 Christo
913 1987 984 2010 cre-

243 2024 383 2060 dentium
406 2031 489 2059 tanta
513 2024 707 2059 remunerari
734 2024 888 2059 donorum
916 2037 989 2060 con-

243 2073 382 2121 spiciunt
402 2073 579 2120 largitione.

292 2123 375 2158 Sane
406 2123 594 2158 venerabilis
628 2123 718 2158 frater
752 2131 857 2158 noster
884 2123 1008 2158 archi-1

243 2172 433 2219 episcopus.
471 2180 501 2207 et
540 2172 645 2207 dilecti
687 2172 739 2206 titii
778 2173 918 2208 decanus
958 2180 1008 2208 et:

1007 2224 1008 2234 ¹
1030 2233 1089 2254 non
1104 2222 1423 2267 estpraetereundum
1447 2224 1582 2265 silentio,
1607 2226 1691 2273 quod
1711 2236 1772 2262 tres

243 2222 414 2270 capitulum
445 2222 641 2256 Eboraceuse
663 2222 744 2267 apud
774 2235 830 2257 nos
858 2235 912 2269 per
933 2221 987 2256 lit-

243 2279 336 2311 tei-as,
351 2280 380 2307 et
401 2283 456 2319 per
479 2272 642 2317 magistros
654 2271 691 2305 G.
712 2272 985 2318 poenitentiarium
1007 2274 1008 2321 J

243 2329 272 2355 et
286 2321 409 2356 Heliam
432 2321 585 2356 Bernardi
609 2319 838 2356 Eboracensem
862 2330 889 2355 et
908 2321 988 2355 Lan-

245 2370 378 2406 rentium
414 2371 646 2416 Aquileiensem
678 2371 846 2406 canonicos
867 2382 1008 2416 ορμον-π

245 2427 333 2461 tune,
355 2421 535 2465 importune
554 2419 669 2459 plui-ies
691 2420 844 2464 insistere,
864 2428 896 2455 ut
913 2432 987 2454 san-
1006 2437 1007 2445 1

244 2475 311 2504 ctae
346 2470 517 2505 memoriae
554 2468 793 2511 willhelmum,
827 2469 985 2517 quondam
1006 2484 1008 2487 ·

244 2518 534 2566 archiepiscopum,
562 2519 641 2553 sicut
669 2530 706 2553 ex
735 2518 901 2553 multorum
927 2519 1007 2557 fide

245 2566 410 2614 «lignorum
434 2568 621 2603 testimoniis
636 2567 815 2614 apparebat,
828 2575 910 2603 tanta
927 2567 987 2601 sul·
1006 2575 1008 2604 i

245 2616 283 2651 sit
309 2617 406 2664 gratia
444 2619 648 2659 meritorum,
682 2616 768 2664 quod
803 2617 897 2652 multa
932 2629 986 2664 per

1671 233 1740 265 419

1045 299 1117 322 eum
1146 287 1300 324 Dominus
1322 292 1468 337 diguatus
1495 301 1543 328 est
1568 294 1705 340 gloriosa
1729 298 1791 331 mi-

1045 338 1148 373 racula
1172 339 1310 385 operari,
1338 349 1367 375 et
1396 351 1465 388 post
1497 342 1662 379 decessum
1691 346 1790 393 ipsius

1044 399 1160 431 corpus
1182 387 1250 423 eius
1278 389 1375 425 mutto
1409 391 1550 438 pluribus
1576 393 1661 429 dedit
1688 395 1789 431 mira-

1044 435 1160 472 bilibus
1190 449 1373 480 coruscare,
1412 441 1574 489 cathalogo
1607 453 1787 480 sanctorum

1043 486 1295 522 adscriberemus
1319 490 1348 522 in
1372 488 1511 525 Ecclesia
1532 492 1693 538 militanti,
1714 507 1786 530 cum

1044 548 1104 571 non
1128 544 1210 571 esset
1231 535 1375 579 dubium,
1399 538 1501 586 ipsum
1528 541 1558 575 in
1582 543 1785 589 triumphanti

1042 597 1058 620 a
1080 585 1217 637 Domino
1241 587 1458 634 multipliciter
1487 590 1641 625 honorari.
1666 592 1784 629 Verum

1042 634 1112 670 licet
1153 634 1246 670 fidem
1287 637 1473 673 testimoniis
1511 640 1718 684 adhibentes,
1757 653 1784 678 et

1042 684 1140 719 l'amae
1164 686 1277 729 iugiter
1302 685 1340 720 de
1371 688 1436 733 ipso
1464 691 1615 725 rrrsccnti
1645 692 1784 727 ereduli-

1041 796 1109 819 mus
1148 796 1285 819 annuere
1329 787 1474 832 precibus
1513 789 1783 835 supplicantium,

1039 834 1110 880 quia
1134 841 1235 869 tamen
1265 835 1295 869 in
1324 844 1384 870 tam
1407 845 1515 871 saneto
1537 845 1568 872 et
1594 838 1698 874 divino
1722 854 1782 875 ne-

1038 884 1122 927 gotio
1150 896 1210 918 non
1233 893 1298 919 erat
1326 885 1382 920 nisi
1411 898 1483 921 cum
1507 888 1682 923 maturitate
1710 890 1782 937 plu-

1039 933 1114 968 rima
1155 934 1411 980 procedendum,
1454 936 1570 982 pluries
1602 950 1662 984 per
1700 941 1782 975 viros

1037 981 1169 1023 electos,
1203 992 1263 1017 tam
1297 997 1392 1031 super
1421 985 1529 1030 vitam,
1559 999 1652 1034 quarn
1687 1001 1782 1036 super

1037 1032 1195 1066 miraculis
1227 1032 1333 1067 Sancti
1364 1035 1509 1080 praedicti
1546 1036 1780 1084 inquisitionem

1037 1081 1101 1116 lieri
1137 1081 1270 1116 fecimus
1302 1083 1506 1128 diligentem,
1540 1097 1611 1120 cum
1649 1088 1706 1122 etsi
1740 1089 1778 1124 ad

1035 1180 1210 1224 charitats,
1237 1181 1274 1215 ad
1307 1183 1516 1218 ostensionem
1545 1191 1648 1220 tamen
1680 1187 1778 1234 ipsius

1036 1230 1259 1265 miraculorum
1282 1231 1432 1267 exhibitio
1454 1234 1607 1280 exigatur,
1635 1247 1671 1269 eo
1693 1239 1776 1283 quod

1035 1329 1226 1372 hominibus,
1249 1339 1282 1364 ut
1310 1330 1473 1366 videantur
1494 1333 1532 1366 ab
1555 1334 1612 1377 eis,
1640 1344 1669 1369 et
1693 1348 1778 1370 uon-

1035 1391 1193 1425 nnnquam
1222 1379 1368 1414 diabolus
1394 1393 1427 1414 se
1450 1382 1481 1415 in
1510 1382 1589 1417 lueis
1622 1384 1776 1430 Angelum

1033 1427 1259 1474 transfigurans
1271 1428 1378 1464 illudat
1395 1430 1573 1466 hominibus
1589 1431 1778 1470 fraudulen-

1033 1485 1090 1517 ter;
1114 1478 1196 1512 unde
1223 1490 1295 1512 curn
1319 1478 1521 1526 inquisitores
1545 1483 1706 1526 praedicti,
1735 1497 1778 1519 re—

1033 1528 1131 1573 ceptis
1165 1540 1262 1574 super
1294 1528 1343 1563 his
1376 1532 1614 1576 quampluribus
1645 1533 1777 1569 testibus

1032 1576 1092 1611 fide
1115 1577 1230 1623 dignis,
1253 1584 1283 1611 et
1302 1578 1499 1621 examinatis,
1526 1580 1605 1615 sicut
1627 1585 1776 1629 oportuit,

1031 1626 1212 1672 diligenter,
1247 1626 1338 1662 nobis
1366 1628 1464 1673 ipsius
1496 1629 1601 1664 Sancti
1641 1634 1776 1668 sanctis-

1031 1676 1128 1710 simae
1157 1676 1235 1711 vitae
1257 1676 1415 1718 ordinem,
1438 1687 1467 1713 et
1493 1679 1590 1714 multa
1612 1690 1641 1716 et
1665 1694 1775 1729 magna

1009 1724 1199 1765 'miracultn
1233 1726 1350 1772 quibus
1384 1738 1453 1774 post
1487 1728 1654 1764 decessum
1682 1732 1774 1773 eius,

1033 1775 1135 1820 ipsum
1149 1774 1303 1810 Dominus
1320 1779 1484 1823 magnifice
1499 1779 1672 1819 illustravit,
1684 1781 1774 1826 plene

1031 1837 1065 1857 ac
1089 1823 1177 1870 plane
1201 1825 1333 1860 fideliter
1355 1826 1546 1868 retulissent,
1571 1841 1627 1863 nos
1647 1831 1774 1876 provide

1030 1874 1237 1915 attendentes,
1259 1875 1343 1921 quod
1368 1889 1428 1911 non
1452 1885 1516 1912 erat
1538 1886 1621 1913 tanta
1648 1879 1774 1915 lucerna

1032 1923 1176 1967 ponenda
1195 1923 1254 1958 sub
1284 1925 1399 1968 modio,
1427 1927 1479 1961 sed
1503 1940 1599 1974 super
1628 1930 1775 1965 candela-

1030 2122 1224 2168 pinguescat,
1241 2135 1304 2169 quo
1323 2124 1406 2169 aegri
1427 2127 1629 2172 quamplures
1654 2129 1771 2162 inuncti

1029 2184 1044 2205 a
1067 2173 1133 2206 suis
1157 2171 1389 2208 infirmitatibus
1411 2184 1483 2208 sunt
1504 2177 1613 2220 sanati,
1635 2184 1665 2210 et
1686 2178 1771 2224 quod

1030 2279 1169 2304 mortuos
1202 2271 1330 2305 mii-iiico
1365 2274 1539 2314 suscitarit,
1574 2282 1603 2308 et
1629 2278 1769 2322 quinque

1028 2332 1138 2354 caecos
1170 2319 1368 2359 illuminans,
1406 2322 1458 2356 uni
1497 2335 1534 2357 ex
1570 2324 1615 2358 eis
1651 2326 1704 2372 qni
1740 2327 1769 2360 in

1029 2368 1134 2403 duello
1157 2368 1297 2403 devictus
1301 2396 1358 2404 .....
1382 2370 1558 2416 damnatus,
1576 2385 1646 2406 cum
1669 2374 1706 2408 ad
1725 2387 1771 2409 se-

1030 2419 1193 2463 pulchrum
1211 2418 1310 2464 ipsius
1319 2419 1423 2454 Sancti
1440 2421 1586 2456 clamaret
1607 2422 1770 2465 instanter,

1028 2476 1057 2501 et
1093 2475 1212 2513 peteret
1238 2468 1447 2509 confidenter,
1474 2480 1505 2505 ut
1527 2472 1554 2505 ei
1582 2473 1692 2508 oeulos
1716 2486 1770 2509 re-

1028 2517 1193 2560 stitueret,
1220 2518 1335 2564 quibus
1369 2519 1480 2554 iniuste
1513 2521 1615 2567 ipsum
1652 2523 1770 2558 sciebat

1029 2566 1192 2610 orbatum,
1226 2567 1303 2601 alios
1337 2568 1445 2603 oculos
1473 2582 1568 2605 novos
1598 2571 1770 2608 reddiderit

1030 2615 1161 2650 mirabili
1185 2617 1329 2661 novitate,
1352 2617 1452 2664 ipsum
1473 2619 1511 2654 de
1533 2623 1691 2656 communi
1709 2623 1770 2658 fra-

1805 244 1845 270 An
1874 245 1891 271 C
1922 245 1987 273 tQ-zo

1822 1052 1930 1080 inquisitio
1952 1056 1975 1076 :10

1794 1085 1839 1105 eius
1859 1086 1900 1106 viti
1911 1089 1977 1106 otmt·

1793 1114 1868 1135 riculis
1885 1116 1945 1137 factat
