2129 3223
155 276 206 301 Au.
225 275 254 302 C.
270 274 336 300 1219

166 771 223 797 Quae
233 771 338 790 ὼυεῡοςίι

156 801 264 821 fet-testae

154 833 234 858 geusae
275 831 338 852 [uei-it

155 865 266 888 assignata⁴

401 262 470 294 5th

352 325 438 368 dicti,
460 324 541 358 sicut
567 321 633 356 suis
657 319 746 354 nobis
769 319 880 354 litteris
903 318 1098 356 intimarunt,
1118 320 1121 353 ζ

352 374 424 421 quia
448 371 628 419 praedictus
650 370 771 404 electus
793 367 1030 413 crucesignatus
1069 366 1098 398 in

354 422 516 468 procinctu
550 420 636 467 qnasi
675 418 940 466 peregrinationis
961 415 1099 462 positus,

352 472 425 505 huic
454 470 581 517 negotio
603 470 752 503 interesse
780 479 841 501 non
883 473 1026 513 poterat,
1062 463 1099 497 ad

352 519 627 566 Salisburgeuscm
674 516 850 552 Ecclesiam
895 512 1101 562 personaliter

352 569 556 609 accedentes,
586 578 778 602 consensum
814 564 939 612 capituli
969 562 1006 596 ad
1042 562 1102 595 hoc

352 620 500 654 invenere
523 625 676 665 paratum,
699 624 728 651 et
751 623 903 662 quantum
938 621 999 647 tam
1035 611 1076 644 ibi
1093 638 1100 651 ,

353 681 448 715 qnam
467 667 540 702 alibi
562 678 658 713 super
680 665 739 700 hoc
777 671 919 712 poterant
954 661 1102 703 edoceri,

352 717 530 752 didicerunt
563 716 623 750 hoc
661 713 896 759 Salisbnrgeusi
940 709 1101 744 Ecclesiae

353 768 472 814 :disque
495 766 592 800 dubio
614 764 774 811 expedire.
795 760 1013 808 Praepositum
1028 770 1104 805 quo-

353 829 427 863 qne,
454 824 484 850 et
510 814 683 862 capitulum
711 812 909 848 Secliowien.
950 819 1103 856 persona-

353 866 423 900 liter
444 864 571 911 alloquti
587 871 778 909 acceperunt
794 871 992 907 responsum,
1005 856 1102 904 qnod,

353 924 382 949 ct
404 914 601 949 Sechowien.
625 912 766 947 Ecclesia
797 910 901 944 illaesa
926 914 1102 942 remaneret

354 964 480 1012 penitus
502 970 532 997 et
554 962 725 1000 indemnis,
748 970 776 994 et
804 967 836 993 ut
865 969 974 992 eorum
1003 955 1104 990 verbis

354 1023 492 1056 utamur,
511 1012 662 1046 terminos
684 1022 781 1046 novae
801 1007 956 1042 dioecesis
977 1004 1102 1040 extendi

355 1074 455 1109 usque
490 1060 528 1095 ad
556 1060 673 1095 dietam
709 1068 738 1094 et
777 1057 940 1092 dimidiam
976 1056 1105 1089 invene-

355 1119 438 1151 runt,
461 1110 640 1157 parochiam
667 1108 810 1142 videlicet
831 1104 1010 1141 Chinibenz
1032 1115 1104 1137 cum

354 1160 503 1196 omnibus
533 1159 600 1194 suis
641 1157 854 1205 pertinentiis,
890 1156 920 1189 in
954 1166 1015 1200 qna
1048 1152 1106 1186 sita

355 1218 402 1244 est
427 1209 570 1244 Ecclesia
589 1207 786 1243 Sechowien.
816 1216 917 1251 usque
944 1203 980 1238 ad
1010 1202 1104 1236 finem

356 1258 525 1307 parochiae
550 1257 657 1293 Sancti
680 1254 843 1291 Laurentii
864 1255 893 1288 in
914 1254 1018 1298 longo.
1049 1250 1105 1285 Ec-

356 1308 482 1343 clesiam
506 1319 579 1342 vero
600 1306 734 1341 Sanctae
763 1304 878 1339 Mariae
908 1303 937 1336 in
968 1301 1108 1335 Braclier

358 1369 458 1404 usque
485 1356 521 1390 ad
553 1356 647 1390 finem
691 1353 856 1401 parochiae
895 1350 1043 1386 Lemsniz
1076 1349 1106 1382 in

359 1409 453 1441 latum
481 1417 552 1439 cum
576 1404 727 1439 omnibus
749 1401 901 1441 ecclesiis,
933 1399 1044 1434 inediis
1079 1406 1108 1432 et

358 1467 466 1490 earum
491 1453 687 1501 pertinentiis
706 1460 734 1486 et
757 1450 918 1498 cappellis,
941 1460 1021 1495 quae
1036 1455 1109 1482 snut

360 1508 388 1539 in
412 1516 519 1539 earum
543 1502 684 1538 terminis
716 1500 910 1536 constitutae.
955 1497 1110 1532 Redditus

359 1562 462 1589 autem
485 1552 592 1587 futuro
614 1552 762 1598 episcopo
783 1547 992 1594 assignandos
1022 1546 1110 1579 inve-

360 1609 476 1637 nerunt
497 1601 673 1635 Ecclesiam
710 1597 880 1641 Vanstorf,
916 1604 946 1631 et
984 1595 1110 1641 triginta

361 1663 488 1686 mansos
503 1651 542 1685 de
574 1660 714 1689 nemore,
737 1647 823 1695 qnod
851 1654 896 1681 est
925 1644 1007 1691 apud
1043 1644 1111 1677 ssu-

361 1701 457 1740 vium,
484 1699 537 1747 qui
562 1706 689 1733 vocatur
709 1697 817 1735 Gerol,
853 1695 1018 1730 ecclesiam
1057 1693 1112 1726 Li-

362 1751 452 1789 lienz,
481 1748 644 1784 ecclesiam
674 1747 802 1792 Vogan,
831 1745 995 1779 ecclesiam
1025 1741 1112 1775 Rabe

364 1812 435 1833 cum
474 1797 624 1833 omnibus
668 1795 865 1843 pertinentiis
906 1791 1086 1828 earumdem
1106 1818 1113 1830 ,

364 1848 448 1883 salvo
475 1856 579 1882 tamen
603 1847 670 1879 inre
702 1855 920 1892 personarum,
957 1853 1037 1887 quae
1074 1839 1113 1873 ibi

364 1897 517 1931 hactenus
539 1895 676 1929 Domino
699 1893 877 1936 servierint,
905 1891 1022 1925 curiam
1040 1901 1116 1936 quo-

365 1958 426 1992 qne
453 1945 637 1980 decimalem
663 1944 692 1976 in
716 1941 849 1980 saccati,
871 1949 900 1975 et
928 1939 1057 1974 domum
1086 1938 1115 1971 in

365 1995 504 2038 Frisaco,
527 2005 621 2040 quam
644 2005 658 2025 a
688 1991 784 2026 nobili
814 1990 943 2024 muliere
980 1988 1090 2022 Emma
1108 2015 1116 2026 ‚

366 2052 397 2079 et
418 2044 548 2078 domum
578 2043 608 2075 in
631 2041 754 2075 civitate
776 2039 1008 2084 Salisburgen.,
1023 2048 1115 2083 quam

367 2093 405 2128 ab
430 2092 571 2127 Henrico
598 2090 664 2124 cive
686 2089 904 2134 salisburgen.
928 2086 1031 2121 emisti
1051 2113 1058 2126 ,
1081 2097 1116 2118 ex

368 2141 485 2189 quibus
506 2139 654 2175 omnibus
676 2138 850 2173 secundum
869 2135 1118 2171 aestimationem

368 2192 526 2226 bonorum
550 2190 688 2223 virorum
713 2195 922 2222 trecentarum
944 2194 1118 2219 marcarum

371 2240 516 2275 redditus
540 2238 677 2285 plenarie
697 2237 861 2283 provenire
883 2233 1067 2270 creduntur,
1081 2231 1119 2265 de

371 2289 491 2337 quibus
513 2288 638 2322 futurus
664 2288 835 2333 episcopus
855 2283 1028 2319 honorifice
1058 2293 1121 2328 po-

373 2339 443 2374 terit
464 2336 642 2372 sustentari.
666 2334 758 2370 Unde
781 2334 871 2369 nobis
894 2345 948 2380 per
975 2331 1120 2367 eumdem

376 2387 600 2434 praepositum,
619 2393 647 2420 et
676 2385 793 2419 litteras
815 2392 885 2418 tuas
913 2384 1026 2417 iterum
1049 2392 1120 2414 cum

377 2436 520 2472 instantia
548 2435 744 2482 supplicasti,
774 2441 805 2467 nt
826 2445 898 2467 cum
923 2438 1048 2478 paratus
1069 2430 1123 2469 sis,

377 2495 405 2520 et
428 2485 611 2527 dioecesim,
638 2491 668 2518 et
691 2482 844 2525 redditus,
866 2481 946 2516 sicut
977 2478 1124 2527 superius

377 2543 423 2569 est
449 2545 646 2581 expressum,
669 2532 773 2567 futuro
785 2531 936 2577 episcopo
953 2529 1124 2575 assignare,

379 2583 432 2617 tibi
460 2582 637 2617 facultatem
666 2581 792 2616 creandi
817 2591 930 2614 novnin
961 2579 1125 2625 episcopa-

381 2640 446 2666 tum
469 2632 499 2666 in
522 2631 681 2678 praedicta
705 2630 903 2665 Secliowien.
920 2627 1127 2663 Ecclesiatra-
1168 2639 1270 2673 tiegest.
1291 2638 1370 2665 tanc

936 263 1071 286 BULLAIU
1079 262 1121 284 [M
1145 261 1305 284 Romanum

1904 258 1953 282 Au.
1969 256 1998 283 C.
2016 256 2084 283 ¹2¹9
2120 236 2122 238 Ι

1141 314 1301 354 detentus,
1325 315 1365 348 ita
1387 314 1472 360 quod
1500 313 1612 349 electio
1634 325 1668 348 ac
1704 313 1890 347 investitura

1141 363 1281 398 ciusdem
1305 362 1444 410 episcopi
1472 362 1510 398 ad
1550 371 1578 397 te
1616 375 1650 397 ac
1689 374 1890 397 successores

1142 422 1213 447 tuos
1241 412 1360 460 absque
1391 413 1475 447 omni
1508 412 1755 447 contradictione
1792 411 1889 459 perti—

1142 471 1225 502 neat,
1253 461 1291 496 de
1313 473 1448 508 quorum
1472 461 1564 496 bonis
1588 462 1673 497 idem
1689 461 1890 509 episcopatus

1142 512 1266 546 dotatus
1294 510 1433 546 noscitur
1455 519 1485 545 et
1512 510 1638 546 ditatus.
1661 510 1800 546 Gurcen.
1831 523 1890 545 au-

1143 569 1203 594 tem
1227 560 1406 607 episcopus,
1423 560 1475 606 qui
1493 559 1624 596 vicarius
1637 559 1890 606 salisburgensis
1915 568 2019 590 Gurceust
2039 569 2086 595 ⁰9¹-

1142 610 1290 644 antistitis
1318 609 1347 642 in
1370 621 1426 643 sua
1457 609 1593 644 dioecesi
1630 621 1699 645 esse
1735 600 2086 656 dignosci-{gfflfflfflklssfi

1143 667 1205 699 tur,
1230 659 1258 692 in
1280 658 1332 692 illo
1346 670 1473 705 quoque
1495 658 1534 692 sit
1550 660 1729 706 episcopatu
1743 659 1889 702 vicarius,
1903 666 1953 682 ‘'³³¹¹-

1143 717 1294 755 quantum
1327 707 1606 755 archiepiscopalis
1639 708 1736 754 exigit
1769 708 1892 742 iurisdi-

1143 758 1216 801 ctio,
1231 769 1268 792 ne
1297 757 1327 791 in
1356 756 1415 791 hoc
1433 757 1526 791 etiam
1550 758 1599 792 ius
1623 757 1722 804 ipsius
1741 769 1834 804 grave
1848 757 1890 792 di-

1144 806 1311 853 spendium
1360 806 1506 852 patiatur.
1543 806 1610 841 Nos
1645 806 1752 853 igitur,
1785 806 1892 841 habito

1146 856 1272 890 fratrum
1297 863 1476 890 nostrorum
1505 856 1661 895 consitio,
1689 856 1762 902 quia
1802 865 1891 890 tuum
1932 859 2067 895 ⁸÷e⁰¹i⁰¹¹²¹¹¹

1145 905 1176 939 in
1200 904 1258 939 hac
1283 913 1368 951 parte
1391 905 1588 951 propositum
1613 905 1650 939 ad
1694 905 1793 940 divini
1827 917 1893 940 no-
1915 891 1959 912 Μ’
1974 890 2079 911 mmm

1145 955 1239 988 minis
1261 954 1403 999 gloriam,
1442 961 1471 988 et
1510 954 1696 990 christianae
1732 955 1893 1001 religionis

1145 1012 1373 1049 augumentum
1402 1003 1614 1039 intelleximus
1642 1004 1808 1051 pertinere,
1846 1004 1894 1039 fa-

1146 1065 1219 1087 vore
1246 1052 1321 1087 illud
1360 1052 1533 1100 apostolico
1569 1062 1797 1101 prosequentes
1837 1066 1894 1101 po-

1146 1102 1258 1136 stulata
1285 1102 1502 1146 concedimus,
1529 1102 1609 1138 sicut
1641 1103 1787 1150 superius
1820 1112 1895 1139 sunt

1146 1164 1303 1197 expressa,
1341 1151 1409 1186 sine
1446 1151 1523 1186 iuris
1568 1152 1761 1199 praeiudicio
1787 1153 1894 1188 alieni.

1149 1200 1229 1234 Nulli
1247 1212 1320 1246 ergo
1343 1200 1508 1235 hominum
1533 1201 1621 1236 liceat
1642 1202 1722 1236 lianc
1749 1202 1895 1250 paginam

1149 1259 1271 1284 nostrae
1311 1251 1528 1285 concessionis
1566 1250 1747 1297 infringere,
1782 1251 1829 1286 vel
1866 1251 1895 1286 ei

1148 1312 1227 1334 ausu
1251 1299 1416 1334 temerario
1437 1300 1603 1334 contraire.
1627 1300 1660 1335 Si
1687 1301 1759 1347 quis
1790 1308 1897 1336 autem

1150 1349 1208 1383 hoc
1226 1356 1378 1383 attentare
1408 1351 1664 1396 praesumpserit,
1701 1350 1897 1396 indignatio-

1150 1410 1221 1432 nem
1238 1398 1465 1444 omnipotentis
1489 1397 1557 1440 Dei,
1576 1411 1611 1433 ac
1634 1399 1797 1434 beatorum
1813 1398 1897 1434 Petri

1149 1455 1180 1481 et
1202 1446 1289 1480 Pauli
1317 1446 1530 1494 apostolorum
1553 1448 1622 1483 eius
1643 1461 1676 1482 se
1700 1448 1819 1483 noverit
1847 1450 1899 1483 in-

1151 1508 1329 1530 cursurum.

1200 1545 1314 1579 Datum
1348 1545 1467 1580 Romae
1489 1545 1570 1592 apud
1598 1545 1749 1581 Sanctum
1771 1546 1899 1582 Petrum

1153 1607 1206 1640 per
1236 1606 1363 1628 manum
1398 1594 1546 1642 Raynerii
1581 1604 1706 1630 sanctae
1741 1594 1902 1631 Romanae

1154 1643 1311 1677 Ecclesiae
1337 1643 1594 1684 vicecancellarii,
1609 1645 1733 1679 decimo
1752 1644 1903 1680 kalendas

1155 1691 1234 1732 inlii,
1258 1692 1429 1727 indictione
1464 1703 1571 1727 octava
1598 1696 1653 1737 (1),
1677 1694 1903 1729 incarnationis

1155 1741 1331 1776 dominicae
1360 1741 1527 1776 millesimo
1562 1742 1781 1778 ducentesimo
1816 1743 1904 1778 deci-

1157 1802 1311 1831 monono,
1352 1791 1552 1837 pontificatus
1580 1803 1652 1827 vero
1687 1792 1806 1827 domini
1836 1792 1904 1827 Ho-

1152 1840 1234 1893 -norii
1259 1839 1363 1887 Papae
1379 1841 1460 1875 tertii
1489 1853 1572 1875 antio
1599 1841 1742 1876 secundo
1768 1845 1824 1886 (2).

1197 1900 1257 1929 Dat.
1283 1901 1330 1930 die
1353 1901 1390 1930 -22
1409 1903 1482 1931 iunii
1506 1902 1589 1939 1219,
1608 1903 1709 1942 pontif.
1733 1913 1809 1933 anno
1825 1913 1866 1934 111.

1450 2050 1619 2085 xxxvltt.

1162 2123 1346 2155 ‚lurtttllatm
1372 2125 1578 2167 quorumdam
1604 2131 1785 2158 statutorum
1802 2136 1821 2158 a
1837 2125 1909 2159 Fut-

1208 2172 1364 2214 9i‘nalibtts
1386 2180 1491 2206 contra
1532 2173 1700 2207 libertatem
1733 2175 1910 2207 ecclesiasti-

1210 2232 1275 2252 cam
1294 2221 1456 2259 editortmt,
1468 2234 1503 2254 nc
1520 2223 1673 2255 relaxatio
1693 2225 1910 2257 sententiarum

1211 2277 1315 2303 contra
1337 2272 1510 2304 eorumdem
1535 2271 1670 2314 fautores
1693 2274 1747 2314 (5).

1430 2339 1642 2370 SUMMARtt'M

1166 2399 1243 2429 Dolet
1277 2402 1311 2429 tte.
1345 2402 1528 2440 Fulginatum
1560 2402 1691 2433 audacia.
1713 2420 1752 2426 —
1772 2403 1850 2434 Dicta
1875 2405 1911 2435 iis

1205 2447 1277 2475 dies:
1295 2464 1334 2469 —
1357 2448 1526 2486 statutaque
1549 2447 1584 2476 ab
1607 2448 1643 2477 iis
1662 2453 1762 2478 contra
1785 2448 1910 2479 liberta-

1207 2497 1263 2520 tem
1288 2493 1521 2522 ecclesiasticam
1541 2493 1661 2522 irritata:
1678 2510 1716 2514 —
1737 2493 1836 2533 anue
1854 2493 1910 2524 ob-

1206 2546 1321 2566 servare
1342 2537 1472 2567 volentes
1494 2538 1747 2567 excommunicati.

1202 2600 1240 2631 tt)
1266 2600 1332 2632 Lege
1358 2602 1474 2630 septimo.
1519 2599 1558 2631 (2)
1584 2598 1650 2633 Lege
1675 2603 1762 2626 tercio.
1808 2602 1847 2636 (3)
1872 2601 1911 2628 Ex
