2129 3223
143 293 191 317 Au.
211 291 238 317 C.
260 292 326 319 1190

144 348 228 370 ‘'ssim'‘
239 349 259 370 ⁵·
276 350 323 371 ³¹⁹·
339 348 405 382 sius
417 346 524 382 sedem
539 344 738 388 obtinebunt,
762 344 983 391 unusquisque
1006 353 1088 378 tem·
1130 351 1192 377 rata
1220 343 1406 381 habuerunt,
1435 342 1649 391 praesentibus
1676 342 1715 376 ibi
1739 341 1873 376 testibus

143 382 214 401 sandi-j
231 385 324 402 moretur

143 418 183 432 nisi
198 414 222 433 dc
238 413 323 433 fratrum

142 450 246 464 consensu
271 445 324 471 apud

142 476 254 495 ecetesiam
303 474 323 494 S.

142 506 245 526 &succutit
259 512 325 525 mera-

142 543 159 557 ti
174 540 247 556 ueneat

154 1686 239 1707 Nomina
283 1692 307 1706 en

143 1724 183 1738 :um
212 1719 245 1744 qui
270 1724 322 1737 con-

147 1750 231 1768 ·ordiam
248 1755 322 1775 supra-

142 1780 322 1803 dictaminieruuu

393 282 435 314 74

341 409 414 443 pore
427 408 503 431 suae
519 394 754 442 praepositurae
773 393 854 441 apud
870 393 1035 428 ecclesiam
1052 392 1085 428 S.

339 445 506 481 Alexandri
536 452 694 484 moretur,
730 443 789 478 nisi
824 442 916 477 fuerit
943 442 983 477 de
1008 454 1088 476 con-

339 508 431 530 sensu
454 494 538 529 illius
559 502 589 528 et
602 493 730 528 fratrum
754 492 870 527 ibidem
890 492 1085 538 degentium,

340 554 370 579 ut
393 543 477 591 apud
505 543 668 578 ecclesiam
704 542 809 577 Sancti
844 541 999 576 Vincentii
1029 541 1087 575 de-

339 595 407 629 beat
425 594 552 628 morari.
576 592 737 627 Addentes
752 591 943 639 supradictis
963 591 1087 625 statutis

337 644 484 678 dominus
518 642 759 677 archidiaconus
794 653 866 675 cum
900 641 958 675 iam
993 640 1086 674 dictis

337 695 401 728 suis
438 692 606 731 tran-ibus.
641 700 671 725 et
705 691 854 725 dominus
889 690 1085 737 praepositus

337 755 408 777 cum
445 743 533 779 suis.
571 750 600 775 ut
637 741 829 787 quicumque
865 752 902 773 ex
938 738 1084 774 fratribus

336 792 503 839 supradicti
539 791 669 838 capituli
706 790 768 824 ullo
803 797 945 836 tempore
980 788 1084 823 convi—

336 850 405 876 ctus
424 842 517 876 fuerit
538 853 554 874 a
577 840 671 875 modo
693 840 729 874 ad
754 840 812 873 iam
833 838 934 872 dictae
957 838 1083 873 unionis

335 891 523 926 divisionem
539 890 689 929 laborare,
711 888 822 923 debeat
839 888 1003 927 beneficio,
1017 888 1083 922 sive

337 940 513 988 praebenda
547 940 576 974 in
610 939 718 973 eadem
751 937 893 972 Ecclesia
920 937 978 971 sibi
1003 949 1082 971 con-

335 1003 422 1026 cessa
452 990 496 1024 vel
525 990 679 1034 assignata
699 988 728 1022 in
746 994 935 1034 perpetuum
964 998 1082 1027 carere3

335 1041 374 1073 de
401 1052 464 1087 quo
485 1039 620 1085 singuli,
652 1038 706 1084 qui
734 1045 821 1071 erant
847 1043 1039 1082 praesentes,
1066 1048 1081 1070 a

336 1090 473 1135 praefato
501 1089 618 1122 domno
650 1086 825 1121 Lanfranco
857 1086 1006 1132 episcopo
1033 1085 1082 1119 in-

336 1139 496 1184 terrogati,
517 1138 711 1172 affirmarunt
730 1135 788 1170 sibi
805 1135 938 1182 placere.
961 1134 1083 1181 siquae

336 1189 436 1222 eidem
465 1187 583 1222 domno
618 1186 768 1233 episcopo
801 1195 987 1219 convenere.
1020 1183 1082 1218 Re-

336 1236 554 1272 nuntiantibus
586 1235 809 1270 archidiacono
840 1245 912 1267 cum
935 1232 1083 1280 supradi-

335 1288 394 1322 ctis
415 1287 482 1322 suis
502 1285 663 1329 fratribus,
678 1292 709 1320 et
726 1283 902 1331 praeposito
916 1294 987 1317 cum
1003 1282 1081 1325 suis,

335 1337 420 1371 omni
448 1336 499 1371 alii
528 1335 654 1383 speciali
678 1335 748 1377 iuri,
776 1332 950 1380 privilegio,
986 1344 1082 1366 usan-

336 1388 412 1430 ziae,
427 1385 473 1420 vel
488 1385 628 1425 alterius,
649 1383 733 1431 quod
757 1383 820 1417 ullo
842 1389 983 1428 ternpore
1001 1393 1081 1415 com-

337 1436 421 1481 petit,
451 1435 495 1469 vel
524 1442 702 1481 competere
739 1432 834 1478 possit
860 1430 998 1464 alterutri
1027 1442 1082 1463 su-

337 1485 547 1531 pradictarum
574 1482 785 1518 Ecclesiarum
814 1487 919 1514 contra
943 1479 1079 1513 alteram.

335 1535 449 1569 Actum
470 1534 500 1568 in
520 1533 616 1567 choro
632 1531 781 1566 ecclesiae
801 1529 906 1563 Sancti
925 1528 1080 1562 Vincentii

338 1585 367 1618 iu
393 1583 565 1630 praesentia
592 1581 743 1616 iamdicti
772 1578 923 1626 episcopi,
950 1578 1003 1624 qui
1018 1590 1082 1612 om-

336 1634 386 1667 nia
422 1632 599 1679 supradicta
641 1630 757 1665 ibidem
795 1627 1011 1666 confirmavit,
1053 1635 1081 1661 et

313 1683 406 1718 ·eius
427 1682 644 1717 auctoritatem
673 1678 837 1727 praestitit.
864 1676 1020 1710 St‘rondns
1043 1677 1082 1711 de

337 1732 369 1766 S.
393 1731 584 1771 Alexandro,
611 1728 827 1764 Lansrancbus
849 1727 887 1760 de
918 1725 1081 1767 monacha,

336 1781 470 1816 Ioannes
508 1780 547 1815 de
584 1779 790 1814 Desenzano.
829 1775 1008 1810 Ottobonus
1044 1775 1082 1810 de

338 1831 544 1873 Amberzaco,
572 1829 719 1863 Albertus
750 1824 947 1864 Guasconis‚
980 1824 1083 1859 Tbeu-

339 1881 442 1915 taldus
475 1880 513 1914 de
545 1878 666 1916 Tertio,
693 1877 826 1911 loannes
852 1874 891 1908 de
919 1874 1081 1919 Petringo,

338 1930 494 1977 Rogerius
519 1928 559 1963 de
592 1927 696 1967 Muzo,
731 1925 880 1960 Albertus
915 1924 953 1957 de
983 1923 1083 1962 Lalio,

339 1980 455 2014 Scotus
481 1979 520 2014 de
553 1978 744 2015 Lazaronus,
781 1974 929 2020 Greppus
950 1973 1083 2013 Suardi,

340 2028 543 2064 Albertonius
569 2027 667 2064 Zoffo.
695 2024 878 2059 Ocldulirius
900 2022 938 2056 de
966 2022 1085 2069 Squar-

340 2090 479 2117 zavacce,
499 2076 714 2122 Maginfredus
725 2074 764 2108 de
779 2073 876 2111 Latio,
892 2071 1086 2106 Lantrancus

340 2127 528 2167 Guasconis,
560 2125 709 2161 Giraldus
735 2123 817 2158 filius
841 2121 958 2156 Alberti
997 2120 1085 2155 Gua-

341 2178 463 2218 sconis.
484 2175 657 2211 Federicus
684 2172 845 2208 Colleonis
860 2198 869 2208 ,
895 2169 1086 2205 Gualbertus

341 2225 539 2273 Braganiole‚
564 2224 773 2259 Sanzaminus
798 2222 836 2255 de
863 2219 949 2254 Zoffo
971 2228 1000 2253 et
1013 2219 1086 2253 Val-

341 2285 482 2312 tascutus
505 2275 544 2309 ibi
577 2283 671 2309 testes
697 2273 838 2307 fuerunt:
875 2277 984 2317 postea
1017 2281 1087 2303 vero

343 2327 382 2362 de
394 2337 503 2361 mense
523 2324 652 2359 ianuarii
677 2323 818 2370 proximo
839 2326 1003 2366 sequente,
1024 2318 1087 2353 sci-

343 2377 414 2411 licet
431 2374 565 2423 quadarn
589 2373 640 2408 die
656 2372 747 2415 lovis,
769 2371 820 2418 qui
844 2370 903 2404 suit
923 2380 968 2403 xv
985 2367 1088 2402 kalen-

344 2426 398 2460 das
420 2424 579 2463 februarii,
613 2424 643 2457 in
669 2422 765 2456 Lobia
793 2419 1016 2455 canonicorum
1036 2429 1088 2451 ec-

345 2475 457 2509 clesiae
476 2474 508 2508 S.
538 2471 705 2507 Alexandri
728 2471 864 2505 domnus
877 2467 988 2503 Bucbo
1004 2479 1089 2514 prae—

345 2523 445 2558 dictae
466 2523 614 2558 ecclcsiac
639 2521 745 2555 Sancti
776 2518 934 2553 Vincentii
961 2516 1089 2551 canoni-

345 2585 412 2613 cus⁷
435 2581 463 2607 et
485 2573 568 2607 don).
596 2570 713 2614 Pincis,
729 2579 757 2604 ei
773 2568 940 2603 Athericus
963 2566 1090 2602 advoca-

347 2631 397 2657 tus
436 2622 494 2656 iam
530 2621 631 2656 dictae
666 2619 818 2654 ecclesiae
852 2617 886 2651 S.
911 2615 1090 2657 Alexandri,

347 2671 522 2719 supradicta
549 2671 652 2705 omnia
677 2670 876 2704 firmaverunt
904 2675 932 2701 et
956 2666 1043 2700 firma
1062 2673 1091 2699 et

924 288 1111 311 BOLLARiUM
1139 287 1300 310 ROMANUM

1901 340 1924 361 Et
1939 342 2027 363 testium
2038 345 2071 369 qui

1889 373 2015 394 concordiae
2036 373 2073 393 ad-

1128 396 1292 431 Ardiliono
1318 397 1357 430 de
1383 396 1523 436 Lorano‚
1559 396 1686 431 Zanello
1712 391 1872 430 Oitet‘nsae
1888 401 1974 438 suerunt
1995 404 2071 424 counr-
2116 398 2119 438 ᾗ

1127 459 1156 484 et
1181 450 1309 485 Alberto
1335 450 1464 498 Scarpa.
1888 437 1959 454 'mm'

1176 502 1383 539 Decernimus
1404 517 1491 550 ergo,
1514 513 1544 538 ut
1568 504 1645 538 nulli
1667 505 1796 539 omnino
1816 505 1873 538 lio—

1126 557 1247 592 minum
1270 566 1321 592 etc.
1345 558 1456 592 Amen.

1174 611 1245 646 an
1266 611 1419 646 CLEm-:Ns
1446 612 1616 646 catholicae
1639 611 1797 646 Ecclesiae
1813 613 1870 659 epi-
1899 619 2000 642 cie-nem.
2017 621 2054 642 ¹²1⁶.

1125 677 1241 712 scopus
1263 667 1447 714 subscripsi.

1173 719 1240 765 Ego
1263 720 1397 755 Albinus
1420 720 1609 754 Albanensis
1637 721 1808 766 episcopus
1829 733 1869 753 ss.
1886 731 1906 747 vt
1921 727 1940 747 S<
1963 726 1984 763 tt-
2007 727 2065 763 *Em-t.
2120 725 2129 746 ’-

1172 772 1239 818 Ego
1273 773 1466 808 Octavianus
1494 774 1616 808 Quen.
1651 783 1681 807 et
1708 758 2059 816 Vettio—en...13223333'0'3'2'2
2116 768 2118 770 .

1123 827 1293 874 episcopus
1318 827 1500 874 subscripsi.

1172 881 1238 927 Ego
1261 882 1392 916 loannes
1412 883 1574 930 presbyter
1595 882 1762 916 cardinalis
1789 881 1867 916 tituli

1122 935 1155 969 S.
1184 937 1278 971 Marci
1308 936 1491 982 subscripsi.

1173 990 1238 1037 Ego
1277 989 1482 1037 Pandulphus
1517 989 1661 1024 basilicae
1694 989 1751 1023 Xll
1789 990 1870 1035 Apo-

1122 1044 1272 1078 stolorum
1297 1043 1399 1091 presb.
1425 1044 1509 1078 card.
1536 1044 1720 1090 subscripsi.

1171 1098 1237 1144 Ego
1260 1098 1373 1134 Petrus
1407 1097 1567 1146 presbyter
1593 1097 1760 1132 cardinalis
1788 1097 1868 1130 tituli

1122 1151 1154 1185 S.
1178 1151 1313 1186 Ceciliae
1339 1151 1524 1198 subscripsi.

1171 1205 1237 1251 Ego
1260 1205 1372 1240 Petrus
1406 1205 1508 1252 presb.
1545 1205 1628 1239 card.
1663 1204 1696 1238 S.
1725 1204 1806 1238 Petri
1830 1204 1866 1238 ad

1122 1259 1253 1294 Vincula
1276 1260 1323 1294 tit.
1346 1258 1379 1294 S.
1402 1258 1564 1294 Eudoxiae
1585 1258 1768 1305 subscripsi.

1170 1313 1238 1360 Ego
1260 1313 1412 1348 Iordanus
1434 1312 1466 1346 S.
1500 1311 1714 1346 Pudentianae
1741 1312 1786 1346 tit.
1815 1310 1868 1345 Pa-

1121 1369 1213 1402 storis
1240 1366 1343 1414 presb.
1370 1366 1456 1401 card.
1487 1365 1671 1413 subscripsi.

1169 1420 1238 1466 Ego
1264 1420 1398 1455 Ioannes
1436 1421 1481 1455 tit.
1515 1419 1548 1454 S.
1583 1418 1757 1455 Clementis
1782 1418 1865 1455 card.

1121 1474 1290 1509 Tusculan.
1318 1475 1487 1522 episcopus
1515 1474 1700 1521 subscripsi.

1170 1528 1238 1575 Ego
1266 1527 1400 1563 loannes
1427 1527 1513 1562 Felix
1540 1527 1646 1576 presb.
1682 1528 1765 1562 card.
1788 1527 1867 1562 tituli

1121 1582 1155 1617 S.
1177 1582 1341 1617 Susannae
1368 1582 1549 1630 subscripsi.

1170 1637 1236 1683 Ego
1259 1637 1389 1672 lacobus
1416 1637 1449 1671 S.
1478 1637 1592 1672 Mariae
1628 1637 1659 1671 in
1695 1635 1867 1671 Cosmedin

1122 1691 1273 1725 diaconus
1298 1690 1383 1725 card.
1420 1690 1601 1737 subscripsi.

1171 1744 1237 1790 Ego
1259 1744 1427 1779 Gratianus
1454 1744 1642 1779 Sanctorum
1669 1743 1803 1778 Cosmae
1839 1752 1868 1777 et

1124 1798 1263 1832 Damiani
1286 1799 1365 1833 diac.
1397 1799 1480 1833 card.
1508 1797 1692 1845 subscripsi.

1172 1852 1240 1897 Ego
1267 1852 1433 1887 Goffredus
1459 1853 1492 1886 S.
1517 1852 1629 1887 Mariae
1657 1853 1687 1886 in
1714 1850 1769 1886 Via
1792 1851 1866 1886 Lata

1123 1906 1201 1941 diac.
1230 1907 1314 1941 card.
1343 1907 1524 1953 subscripsi.

1172 1960 1238 2005 Ego
1265 1961 1437 2007 Gregorius
1465 1962 1497 1996 S.
1532 1961 1647 1996 Mariae
1680 1962 1712 1995 in
1742 1960 1867 1995 Porticu

1124 2015 1203 2048 diac..
1231 2014 1316 2048 card.
1344 2014 1526 2059 subscripsi.

1174 2068 1242 2115 Ego
1263 2068 1443 2103 Bernardus
1468 2068 1502 2102 S.
1525 2068 1640 2103 Mariae
1667 2068 1770 2102 Novae
1801 2068 1869 2102 dia-

1125 2134 1224 2156 conus
1245 2121 1329 2156 card.
1357 2121 1540 2169 subscripsi.

1174 2175 1241 2222 Ego
1267 2175 1440 2222 Gregorius
1471 2175 1504 2210 S.
1541 2175 1656 2210 Mariae
1688 2177 1717 2210 in
1750 2175 1869 2222 Aquiro

1127 2230 1206 2264 diac.
1235 2230 1319 2264 card.
1346 2230 1528 2277 subscripsi.

1177 2284 1289 2319 Datum
1318 2283 1460 2318 Laterani
1485 2296 1539 2331 per
1561 2296 1688 2319 manum
1711 2283 1807 2330 Moysi
1834 2283 1867 2317 S.

1128 2338 1166 2373 P..
1191 2338 1224 2372 F..
1253 2337 1435 2372 subdiaconi
1472 2339 1568 2372 vicem
1601 2338 1720 2384 agentis
1747 2337 1871 2371 cancel-

1129 2392 1206 2437 larii,
1238 2406 1268 2427 ix
1302 2392 1450 2427 kalendas
1484 2392 1565 2433 iulii,
1600 2391 1771 2426 indictione
1802 2404 1870 2432 vm,

1130 2447 1351 2482 incarnationis
1390 2447 1567 2482 dominicae
1604 2458 1708 2485 Mcxc,
1744 2445 1871 2493 pontifi-

1129 2511 1216 2537 catus
1246 2514 1317 2536 vrro
1353 2502 1460 2536 domni
1487 2501 1661 2536 Clementis
1693 2500 1795 2548 Papae
1831 2500 1871 2534 111

1130 2568 1213 2590 anno
1241 2569 1288 2590 ιιι.

1200 2622 1258 2652 Dat.
1280 2623 1326 2652 die
1348 2622 1386 2652 23
1408 2622 1480 2652 iunii
1498 2630 1573 2651 anno
1591 2620 1705 2650 Domini
1726 2621 1809 2656 1190,

1377 2671 1476 2710 pontis.
1496 2678 1569 2700 anno
1588 2678 1629 2699 ιιι,

1899 284 1948 312 An.
1965 284 1994 312 c.
2008 283 2076 312 tiso
2118 275 2119 278 ’
