2129 3223
153 259 204 284 ΑΕ.
223 260 252 285 ι’.
270 259 335 286 12ὔ5

160 1205 224 1230 Quam
254 1206 331 1224 tucon—

150 1240 208 1261 grue,

194 2477 303 2497 'trit-ntur

400 251 470 284 600

351 314 388 349 ad
415 327 462 355 ea,
489 315 519 349 in
563 315 679 362 quibus
711 328 767 350 sua
805 329 866 352 non
905 317 1098 364 dirigebatur

352 364 483 398 intentio
510 364 630 399 ratione
656 364 796 400 locorum
820 374 850 401 et
880 378 1097 413 personarum,

350 424 384 447 ac
411 412 504 448 etiam
528 412 708 449 huiusmodi
747 415 912 462 periculosi
947 415 1097 462 temporis

349 461 530 507 cogebatur.
554 461 728 498 indulsisse
754 464 912 511 siquidem
939 464 1099 511 aliquibus

347 511 509 556 generales
531 511 662 564 litteras,
686 513 730 548 vel
753 514 845 548 etiam
868 514 1020 560 speciales
1038 513 1098 548 sub

348 560 507 595 tenoribus
544 560 675 597 diversis
696 570 726 597 et
748 561 856 597 formis
878 563 960 597 idem
983 563 1098 598 dicitur

348 609 583 655 praedecessor,
621 623 718 657 super
761 612 1097 659 archiepiscopatibus,

347 658 593 706 episcopatibus,
621 660 753 695 abbatiis
774 669 803 696 et
838 662 1036 708 prioratibus,
1066 669 1098 695 ut

347 719 420 742 cum
448 720 503 743 eos
530 720 639 744 vacare
657 710 864 756 contingeret,
883 710 1099 745 conferrentur

347 755 478 791 eisdem.
501 756 549 792 De
572 758 773 793 inferioribus
804 760 896 794 etiam
936 759 1099 794 beneficiis

348 813 420 851 puta
454 806 673 852 decanatibus,
703 807 1023 849 archidiaconatibus,
1067 816 1099 843 et

347 854 415 889 aliis
437 856 668 902 personatibus,
689 856 843 892 Ecclesiis
865 856 1098 904 parochialibus

347 911 377 937 et
397 903 467 940 aliis
494 904 657 940 beneficiis
678 918 752 941 cum
774 918 849 941 cura
872 907 1008 954 propriis
1038 918 1098 941 no-

348 952 486 988 minibus
500 953 682 1000 designatis,
696 963 747 990 aut
761 967 795 990 ea
818 955 1098 1000 demonstratione,

346 1014 426 1048 quae
440 1003 578 1038 nominis
595 1003 663 1038 vice
686 1003 839 1051 fungitur,
862 1005 1012 1039 asseritur
1026 1017 1099 1039 con-

345 1052 491 1093 cessisse,
520 1060 553 1086 ut
575 1064 646 1087 cum
669 1065 704 1088 ea
739 1065 847 1089 vacare
879 1054 1098 1100 contingeret,

346 1101 439 1135 certis
465 1101 704 1148 assignarentur
726 1103 881 1149 personis,
905 1115 961 1150 pro
982 1103 1098 1151 quibus

346 1150 534 1184 nominatim
557 1150 712 1185 direxerat
750 1152 864 1199 scripta
900 1164 979 1187 sua:
1016 1164 1097 1199 quae

347 1198 467 1234 indulta
495 1198 605 1234 odiosa
640 1200 798 1246 videntur,
832 1210 959 1248 propter
997 1201 1099 1236 ambi·

347 1248 442 1283 tionis
463 1248 586 1289 vitium,
603 1261 663 1296 qua
687 1249 873 1286 insatiabilis
901 1251 934 1284 fit
960 1251 1098 1285 anxietas

347 1297 457 1332 noxiae
485 1297 665 1343 voluntatis,
686 1306 717 1333 et
740 1308 867 1346 propter
897 1300 1099 1335 machinatio·

348 1358 418 1380 nem
446 1346 478 1381 in
501 1355 633 1382 mortem
661 1347 800 1390 alterius,
822 1356 853 1383 et
879 1348 970 1396 plena
1000 1348 1097 1383 divini

347 1395 619 1431 animadversione
634 1396 756 1437 iudicii,
770 1406 801 1432 et
822 1398 988 1432 tristissimi
1009 1410 1101 1433 even-

349 1451 409 1485 tus,
431 1456 504 1479 cum
527 1457 565 1480 ex
599 1444 659 1480 hoc
690 1445 868 1481 desiderare
906 1448 977 1494 quis
1013 1459 1099 1482 mor-

348 1501 411 1528 tem
440 1494 574 1540 proximi
598 1494 739 1529 videatur
775 1495 805 1529 in
829 1496 921 1530 cuius
944 1496 1046 1530 locum
1070 1505 1099 1530 et

349 1541 538 1578 beneficium
561 1554 595 1578 se
622 1543 792 1579 crediderit
819 1556 1054 1585 successurum,
1071 1554 1101 1579 et

349 1591 388 1626 de
411 1591 506 1626 rebus
528 1592 701 1627 viventium
728 1605 800 1640 spes
822 1593 945 1629 futurae
978 1606 1102 1628 succes-

349 1641 459 1681 sionis,
476 1641 538 1676 imo
553 1641 667 1677 fiducia
680 1642 915 1688 quodammodo
934 1643 1098 1678 tribuatur.

348 1688 412 1724 Nos
435 1690 531 1736 igitur
552 1690 628 1725 huic
651 1690 761 1725 morbo
784 1692 922 1726 remedio
944 1692 1037 1727 celeri
1053 1704 1100 1726 oc-

349 1750 477 1774 currere
498 1740 677 1787 cupientes,
699 1751 772 1774 cum
800 1740 905 1775 locum
929 1741 959 1775 in
990 1741 1102 1776 Eccle-

352 1788 396 1822 sia
430 1787 489 1823 Dei
523 1788 644 1825 futurae
682 1790 894 1825 successionis
927 1791 1102 1837 expectatio

350 1836 409 1870 sibi
443 1849 504 1872 non
542 1837 656 1873 debeat
703 1838 878 1880 vendicare,
913 1851 1006 1886 quarn
1043 1840 1100 1886 ipsi

350 1886 442 1920 etiam
469 1887 603 1932 gentiles
626 1888 655 1922 in
680 1887 747 1922 suis
772 1888 896 1934 legibus
911 1889 1103 1923 condemna-

354 1942 437 1976 runt,
465 1936 505 1970 de
526 1936 656 1971 fratrum
686 1945 864 1971 nostrorum
896 1938 1027 1972 consilio
1050 1937 1103 1972 lit-

353 1993 433 2019 teras
458 1997 554 2032 super
586 1985 732 2032 praefatis
769 1986 1103 2033 archiepiscopatibus,

353 2033 602 2081 episcopatibus,
628 2034 759 2069 abbatiis
786 2045 815 2069 ct
838 2037 1024 2082 prioratibus
1045 2036 1104 2070 sub

354 2094 558 2130 quacumque
581 2083 678 2118 forma
694 2083 849 2124 obtentas„
864 2085 928 2119 sive
942 2086 1104 2131 generales

355 2131 482 2172 suerint,
505 2133 552 2167 vel
580 2133 673 2168 etiam
696 2133 860 2179 speciales,
887 2145 922 2168 ac
951 2133 1020 2168 aliis
1055 2135 1103 2168 in-

354 2180 523 2216 ferioribus
550 2181 712 2216 beneficiis
727 2182 918 2229 supradictis
936 2183 995 2217 sub
1008 2183 1103 2217 l'orma

355 2242 502 2277 expressa
524 2231 672 2278 superius
694 2232 887 2278 impetratas,
915 2240 943 2267 et
984 2232 1103 2266 indulta

357 2279 597 2323 huiusmodi,et
615 2280 767 2327 quidquid
785 2293 823 2315 ex
856 2282 900 2315 eis
935 2290 1104 2328 sequutum

357 2337 415 2370 est,
442 2329 488 2363 vel
516 2329 557 2363 ob
579 2341 627 2374 ea,
655 2330 712 2364 nisi
741 2330 959 2377 impetratores
994 2331 1107 2365 liuius-

359 2377 442 2412 modi
472 2390 527 2425 per
564 2378 681 2414 litteras
716 2379 763 2414 sic
798 2391 964 2415 concessas
1002 2380 1105 2427 adepti

359 2427 420 2461 iam
447 2426 564 2463 fuerint
586 2428 766 2483 dignitates,
790 2429 951 2473 beneficia,
979 2429 1024 2464 vel
1049 2430 1106 2464 alia

359 2476 550 2522 supradicta,
578 2485 608 2512 et
634 2490 664 2512 in
702 2478 932 2524 possessionem
969 2478 1106 2521 tuerint,

361 2525 544 2561 eorumdem
567 2526 691 2562 iuribus
709 2539 815 2562 carere
841 2527 1054 2568 decernimus,
1078 2536 1108 2563 et

362 2574 391 2607 in
414 2583 575 2621 posterum
598 2588 660 2610 non
685 2576 798 2622 valere,
821 2578 1003 2623 praesertim
1035 2589 1107 2611 cum

362 2621 445 2656 idem
470 2623 703 2670 praedecessor,
726 2626 806 2661 sicut
840 2626 1031 2672 accepimus,
1054 2626 1108 2660 in-

934 264 1120 287 BULLARimt
1148 264 1309 286 ROMANCM

1140 317 1311 357 tentionem
1354 318 1499 354 habuerit
1536 330 1633 365 super
1667 318 1726 353 hoc
1763 316 1888 352 salubre

1139 366 1288 402 adhibere
1310 367 1496 409 remedium,
1523 376 1554 403 et
1582 367 1620 402 ad
1655 367 1887 402 revocationem

1139 427 1251 451 eorum
1274 425 1344 452 ante
1362 429 1454 452 suum
1477 417 1597 452 obitum
1622 415 1812 451 intendebat.

1190 464 1301 500 Datum
1326 466 1456 513 Neapoli
1484 466 1576 501 nonis
1604 465 1722 512 aprilis,
1761 463 1889 512 pontifi-

1139 521 1228 548 catus
1251 515 1348 550 nostri
1371 527 1454 550 anno
1477 515 1589 562 primo.

1298 574 1358 605 Dat.
1381 575 1438 613 die,
1460 585 1596 614 annoque
1617 576 1729 605 eodem,

1477 742 1558 777 Vlll.

1144 815 1236 854 Quod
1256 816 1299 847 ad
1321 816 1470 848 Ecclesias
1488 816 1626 859 promoti
1645 816 1730 858 infra
1745 827 1799 849 sea:
1811 826 1891 848 men-

1188 875 1231 896 ses
1251 875 1362 897 inuitus
1395 865 1629 897 consecrationis
1663 865 1810 908 suscipere
1848 871 1890 897 te-

1189 920 1319 946 neantur
1341 915 1396 955 (Ἰ).

1410 990 1623 1021 SUMMARIUM

1140 1056 1305 1087 Exordium.
1332 1074 1371 1079 —
1398 1056 1554 1087 Terminus
1582 1057 1617 1087 de
1639 1057 1742 1087 electis
1761 1057 1889 1087 indictus

1180 1101 1215 1131 ad
1227 1101 1479 1131 consecrationem
1493 1101 1767 1140 suscipiendam.—-
1777 1101 1890 1131 Poenae

1181 1151 1279 1175 contra
1300 1145 1514 1175 inobedientes.

1139 1220 1291 1249 Alexander
1300 1221 1440 1257 episcopus
1451 1228 1545 1249 servus
1564 1227 1706 1249 servorum
1713 1220 1770 1254 Dei,
1782 1220 1892 1250 ‹tucetts

1184 1269 1250 1298 filiis
1268 1270 1403 1299 universis
1421 1270 1568 1306 capitulis.
1588 1270 1762 1299 conventibus
1779 1271 1810 1299 et
1837 1270 1890 1299 θοι-

1184 1318 1266 1354 legiis
1285 1319 1465 1348 Ecclesiarum
1484 1319 1693 1352 cathedralium,
1712 1319 1831 1349 satutem
1861 1320 1891 1348 ot

1185 1368 1362 1403 apostolicam
1377 1368 1600 1398 benedictionem.

1191 1439 1271 1474 Cum
1295 1439 1332 1474 ad
1367 1439 1543 1475 Romanam
1578 1439 1776 1484 Ecclesiam,
1809 1452 1891 1487 quae

1141 1488 1329 1535 disponente
1369 1488 1503 1523 Domino
1535 1501 1631 1535 super
1665 1501 1775 1523 omnes
1813 1489 1890 1525 alias

1141 1539 1315 1572 ordinariae
1339 1538 1498 1584 potcstatis
1520 1538 1641 1573 obtinet
1665 1538 1891 1586 principatum,

1142 1594 1249 1633 utpote
1273 1595 1369 1620 mater
1396 1587 1535 1621 omnium
1559 1587 1822 1628 christifidelium.
1861 1595 1891 1623 et

1143 1636 1300 1682 magistra,
1328 1647 1403 1670 cura
1427 1635 1608 1683 principalis
1647 1637 1802 1682 pertineat
1836 1648 1892 1672 ea-

1144 1685 1299 1725 rumdem3
1322 1684 1450 1730 decens,
1473 1685 1536 1720 imo
1572 1697 1688 1732 urgens
1727 1693 1774 1719 est
1810 1686 1892 1720 inter

1142 1734 1585 1778 caeterasadministrationis,
1602 1747 1694 1769 curas
1707 1746 1743 1768 ex
1758 1734 1784 1768 vi
1796 1747 1892 1769 curae

1145 1783 1245 1830 ipsius
1262 1783 1371 1826 officii,
1389 1784 1516 1830 sponsis
1537 1783 1752 1819 Ecclesiarum
1775 1796 1893 1819 munus

1144 1832 1390 1867 consecrationis
1416 1832 1610 1879 impendere,
1631 1841 1665 1866 ut
1686 1840 1892 1868 consumetur

1144 1881 1307 1929 spirituale
1328 1882 1475 1916 meritum
1492 1883 1572 1916 inter
1593 1882 1690 1929 ipsos,
1706 1894 1744 1916 ne
1757 1894 1894 1929 sponsae

1146 1931 1286 1966 viduatae
1315 1932 1493 1977 pastoribus
1519 1943 1557 1965 ex
1580 1932 1638 1966 lioc
1671 1932 1829 1978 patiantur
1861 1931 1893 1966 in

1145 1980 1371 2027 temporalibus
1400 1989 1430 2015 et
1463 1980 1678 2027 spiritualibus
1708 1980 1892 2021 laesionem,

1145 2037 1175 2064 et
1193 2028 1348 2064 Dominici
1371 2030 1474 2076 gregis
1489 2042 1562 2064 oves
1581 2030 1675 2076 lupus
1693 2042 1787 2077 rapax
1807 2031 1893 2064 inva-

1146 2079 1207 2119 dat,
1235 2080 1289 2125 qui
1315 2079 1428 2114 circuit
1449 2091 1605 2126 quaerens
1637 2090 1730 2126 quem
1765 2078 1893 2113 devoret

1146 2128 1350 2163 incessanter.
1373 2127 1465 2163 Unde
1483 2129 1555 2175 quia
1579 2128 1703 2175 plurimi
1732 2128 1761 2162 in
1793 2128 1896 2163 catlie·

1147 2176 1279 2211 dralium
1314 2177 1526 2212 Ecclesiarum
1581 2178 1697 2212 electos
1741 2177 1893 2223 assumpti

1126 2227 1415 2261 'COllSeCI'ssthlleHl
1443 2239 1532 2261 Stlssm
1568 2239 1628 2261 ΠΟΠ
1668 2226 1787 2272 absque
1819 2238 1895 2261 5113-

1148 2287 1215 2308 rum
1240 2275 1451 2310 Ecclesiarum
1481 2276 1620 2322 periculo
1647 2275 1805 2322 suscipere
1845 2274 1896 2309 di-

1148 2325 1304 2359 stulerunt
1325 2324 1488 2367 hactenus,
1510 2334 1540 2360 et
1567 2325 1732 2373 protelant,
1769 2331 1896 2371 propter

1148 2374 1231 2419 quod
1255 2386 1347 2420 grave
1369 2386 1478 2421 passae
1500 2383 1584 2418 sunt,
1609 2383 1639 2409 et
1660 2373 1895 2409 sustinentEc-

1149 2423 1261 2458 clesiae
1288 2423 1491 2471 dispendium
1520 2425 1550 2458 in
1574 2424 1728 2470 utrisque;
1749 2434 1808 2457 nos
1835 2422 1895 2457 sub

1149 2472 1241 2507 cuius
1276 2484 1348 2507 cura
1388 2472 1548 2508 Ecclesiae
1573 2473 1656 2519 ipsae
1694 2471 1895 2517 consistunt,

1149 2520 1290 2556 volentes
1313 2522 1451 2568 ipsarum
1482 2521 1738 2557 indemnitatibus
1777 2533 1896 2557 occur-

1150 2582 1229 2614 rere,
1258 2579 1289 2605 ut
1315 2579 1470 2615 tenemur,
1492 2571 1530 2606 de
1553 2571 1682 2605 fratrum
1718 2578 1895 2606 nostrorum

1185 2640 1224 2674 (l)
1240 2641 1278 2667 Ex
1297 2641 1401 2676 Regest.
1421 2641 1503 2667 Vatic.

1901 261 1952 288 An.
1966 260 1995 286 c.
2012 260 2082 288 ωε
2099 297 2103 299 ¹

1934 1444 2052 1467 Exordium.

1922 2428 2032 2449 Terminus
2066 2427 2092 2447 ds

1909 2459 1986 2480 cletus
2001 2459 2093 2479 tudtciu·

1909 2491 1934 2512 ad
1949 2489 2094 2511 consecratio-

1909 2526 1958 2542 nem
1972 2520 2094 2546 suscipi-n-
