2129 3223
40 260 90 290 Αη,
108 260 137 288 C.
151 260 219 286 ¹2³¹

42 465 165 493 ret-putum
172 470 219 487 tan·

36 499 64 518 en
86 497 142 517 tutor
159 497 218 517 :ivn

36 530 58 549 οι
105 524 217 547 commune

36 562 118 586 paeon.

828 255 1035 278 tatNocssNths
1056 255 1089 278 lV
1111 255 1157 278 rt).

233 313 322 353 sacta.
350 312 395 348 vel
407 310 574 347 commissa
590 317 661 345 sunt
677 309 723 344 vel
741 310 867 345 fuerunt
889 310 973 345 dicto

234 363 277 397 vel
309 362 389 396 facto
415 374 429 396 a
451 361 609 396 communi
637 359 764 393 Viterbii
789 360 832 394 vel
857 372 872 394 a
895 373 973 407 qua-

231 423 367 458 cumque
388 409 513 457 speciali
537 421 667 456 persona
690 409 728 442 (le
749 408 889 444 Viterliio
909 419 972 444 tum

232 462 263 496 iu
286 460 437 507 personis,
466 471 557 506 quam
585 459 614 492 in
636 459 729 493 rebus
753 471 860 493 eorum
883 471 973 505 gene·

232 509 337 546 raliter
357 517 387 544 et
415 509 614 555 singulariter
646 507 794 551 cuilibet,
822 521 974 555 quocum-

230 571 293 606 que
320 558 424 597 modo,
458 558 503 593 vel
526 571 563 592 ex
591 569 788 604 quacumque
811 569 921 598 causa,
944 566 974 592 et

229 609 313 656 quod
336 608 515 644 renuntient
537 607 679 642 similiter
699 607 887 642 omnibnset
908 608 974 642 sin-

228 659 310 705 gulis
344 657 515 705 privilegiis
549 665 579 692 et
608 656 883 697 concessionibus,
918 669 972 691 seu

229 708 340 743 litteris
365 708 460 750 datis,
496 706 594 748 factis,
634 706 680 740 vel
717 707 887 749 concessis,
922 715 974 741 aut

228 758 320 792 etiam
342 756 554 792 concedendis
576 756 632 790 sibi
663 764 692 790 et
713 755 842 790 cuilibet
864 768 972 791 eorum

227 819 243 841 a
271 807 362 842 nobis
388 807 433 841 vel
460 806 498 841 ab
519 806 575 840 alia
603 817 733 852 persona
757 817 973 852 quacumque,

227 868 428 904 quocumque
474 866 600 890 nomine
639 863 826 889 censeantur
866 863 972 889 contra

227 917 395 941 commune
417 904 568 943 Viterbii,
601 904 647 939 vel
680 905 850 951 quemlibet
873 905 971 939 civem

226 954 470 995 Viterbiensem;
506 955 563 1002 ipsi
591 966 718 1001 quoque
745 954 903 992 concives,
927 953 972 988 vel

226 1016 336 1040 eornm
364 1004 476 1051 aliquis
502 1016 565 1039 non
589 1004 722 1051 petierit,
751 1003 798 1037 vel
833 1003 973 1050 exegerit

227 1066 283 1101 per
307 1066 353 1095 se,
376 1054 424 1089 vel
447 1066 501 1101 per
527 1053 622 1088 alium
637 1065 652 1087 a
679 1065 847 1088 commune
871 1053 973 1087 Viter-

226 1103 286 1144 bii,
311 1103 357 1139 vel
378 1103 436 1148 alia
459 1102 587 1150 speciali
616 1114 749 1149 persona
771 1102 810 1136 de
833 1102 972 1137 Viterbio

225 1153 343 1202 aliquid
371 1153 510 1191 nomine,
539 1152 584 1187 vel
608 1152 771 1187 occasione
793 1152 970 1199 aliquorum

225 1201 431 1243 damnorum,
470 1202 670 1241 reddituum,
711 1201 890 1242 fructuum,
927 1202 970 1237 vel

227 1253 426 1299 pensionum,
448 1251 496 1286 vel
518 1251 690 1299 aliquarum
715 1263 817 1286 rerum
844 1264 971 1286 suarum

226 1310 366 1349 tempore
388 1301 562 1337 discordiae
592 1301 747 1335 illatorum
777 1309 808 1335 et
829 1301 972 1336 detento-

227 1362 312 1391 rum,
349 1351 393 1386 vel
428 1351 521 1385 etiam
558 1351 807 1389 subtractorum,
835 1350 888 1385 sed
916 1362 972 1385 nec

226 1401 348 1447 tegulas
375 1408 530 1448 repetent,
558 1400 604 1434 vel
628 1400 759 1446 lapides,
786 1399 900 1439 trabes,
925 1400 969 1434 vel

226 1449 408 1497 lignamina,
431 1457 549 1487 vestes,
573 1462 626 1484 seu
656 1461 751 1488 arcas,
779 1457 809 1483 et
830 1449 888 1483 alia
909 1461 971 1483 mo-

225 1499 298 1534 bilia
323 1499 404 1535 bona
427 1510 644 1546 quaecumque
671 1499 747 1546 ipsis
770 1511 785 1532 a
809 1499 895 1533 vobis
925 1495 970 1532 vel

225 1548 384 1596 aliquibus
417 1557 555 1584 vestrum
583 1548 693 1582 ablata.
728 1547 795 1582 Hoc
823 1548 904 1582 idem
932 1548 970 1582 de

226 1597 392 1639 fructibus,
413 1607 443 1633 et
466 1597 561 1632 rebus
581 1597 807 1637 Ecclesiarum,
827 1610 881 1631 seu
903 1597 972 1632 lios—

227 1647 368 1695 pitalium
391 1647 430 1683 de
452 1647 606 1691 Viterbio,
634 1647 681 1682 vel
704 1647 742 1681 de
761 1647 901 1694 partibus
916 1646 972 1680 Vi-

226 1697 318 1739 terb.,
342 1707 372 1733 et
392 1697 432 1732 de
453 1697 576 1732 damnis
597 1705 628 1731 et
653 1697 776 1731 iniuriis
799 1696 890 1731 illatis
913 1696 971 1731 bo-

227 1759 284 1784 nae
308 1748 476 1783 memoriae
497 1747 535 1781 R.
559 1746 691 1781 Sanctae
712 1746 827 1781 Mariae
851 1746 879 1779 in
896 1745 972 1780 Cos-

227 1796 330 1832 medin
358 1797 489 1832 diacono
517 1795 683 1834 cardinali,
710 1807 746 1830 ac
780 1795 846 1830 suis
872 1803 900 1829 et
933 1795 971 1829 tle

229 1846 430 1893 proventibus
463 1853 493 1880 et
530 1845 676 1879 domibus
710 1844 867 1891 quondam
905 1845 972 1879 eius

229 1895 440 1943 praecipimus
463 1894 591 1929 firmiter
606 1894 774 1928 observari.
801 1893 865 1928 Nos
888 1895 971 1928 enim

231 1957 284 1980 vos
323 1945 531 1981 communiter
558 1953 588 1978 et
614 1943 791 1990 specialiter
820 1943 859 1977 de
887 1955 973 1990 prae-

230 1994 334 2030 missis
359 1994 506 2030 omnibus
528 1994 651 2028 damnis
672 2001 702 2027 et
729 1993 869 2032 iniuriis,
905 1993 972 2027 fru-

230 2044 332 2080 ctibus
357 2053 388 2079 et
408 2043 476 2079 aliis
497 2045 541 2078 sic
569 2043 661 2077 illatis
683 2051 714 2077 et
734 2042 843 2077 ablatis
865 2050 973 2077 tenore

230 2094 440 2141 praesentium
476 2093 623 2128 duximus
655 2091 873 2131 absolvendos,
911 2105 971 2127 non

229 2143 427 2180 obstantibus
453 2142 610 2190 aliquibus
639 2142 819 2188 privilegiis,
846 2150 899 2176 aut
921 2143 972 2176 lit—

231 2193 322 2234 teris,
352 2205 407 2228 seu
434 2191 728 2231 constitutionibus,
766 2203 845 2239 quae
883 2204 972 2238 prae-

232 2243 350 2285 missis,
385 2243 432 2278 vel
470 2254 576 2277 eorum
611 2240 769 2287 aliquibus
800 2240 970 2275 obviarent.

230 2291 337 2328 Placet
369 2292 462 2327 etiam
490 2291 580 2326 nobis
608 2290 691 2337 quod
725 2289 799 2324 dicti
826 2291 972 2325 concives

231 2343 324 2377 vestri
364 2342 468 2377 iurent
504 2340 593 2388 sequi
633 2347 769 2374 mentem
810 2341 973 2386 potestatis

232 2399 362 2432 vestrae,
383 2404 419 2427 ac
445 2390 608 2426 observare
630 2397 742 2423 statuta
769 2389 900 2423 civitatis
918 2389 973 2423 Vi-

232 2441 341 2482 terbii,
367 2449 398 2476 et
423 2440 550 2476 obedire
581 2439 611 2473 in
640 2437 787 2473 omnibus
814 2439 896 2472 sicut
921 2439 972 2473 alii

232 2490 315 2525 cives
338 2490 449 2529 vestri,
485 2498 515 2525 et
547 2488 630 2536 quod
662 2487 774 2522 faciant
801 2499 907 2533 pacem
943 2496 973 2522 et

233 2538 363 2574 reddant
387 2539 535 2575 omnibus
563 2538 649 2573 vobis
661 2546 690 2572 et
712 2537 856 2583 singulis,
875 2546 906 2571 et
921 2549 974 2572 vos

233 2588 293 2628 eis,
319 2600 355 2624 ac
380 2589 555 2624 secundum
584 2587 774 2622 voluntatem
797 2587 974 2621 communis

233 2635 363 2672 Viterbii
395 2637 433 2673 ad
468 2637 620 2673 honorem
643 2636 810 2676 Ecclesiae,
837 2643 867 2670 et
889 2643 973 2670 tran-

1640 247 1703 281 551

1013 310 1146 357 quillum
1174 319 1288 345 statum
1324 313 1455 347 civitatis
1493 321 1610 348 vestrae
1646 314 1758 348 huius—

1015 360 1097 394 modi
1129 373 1185 407 pax
1217 361 1345 396 tirmiter
1367 363 1396 396 in
1434 371 1619 410 perpetuum
1647 363 1757 398 obser-

1016 410 1122 444 vatttla.

1063 459 1146 494 Nulli
1185 472 1259 506 ergo
1303 462 1431 497 omnino
1466 462 1628 497 hominum
1668 463 1757 498 liceat

1015 509 1095 544 lianc
1117 517 1240 544 nostrae
1269 510 1471 551 remissionis,
1500 512 1756 555 confirmationis,

1773 259 1823 284 Αη.
1844 258 1872 285 C.
1887 258 1954 285 ¹252

1805 470 1913 492 clausulae

1016 560 1222 594 revocationis
1244 567 1273 594 et
1300 560 1507 596 absolutionis
1536 564 1679 609 paginam
1703 563 1757 597 in-
1805 584 1813 592 -

1015 608 1158 655 fringere,
1187 609 1232 644 vel
1256 609 1282 644 ei
1306 622 1383 644 ausu
1408 612 1572 646 temerario
1593 613 1756 647 contraire.

1014 658 1046 692 Si
1074 659 1146 705 quis
1174 667 1276 693 autem
1314 659 1371 693 hoc
1407 669 1558 696 attentare
1595 674 1758 708 praesum-

1016 708 1125 755 pserit,
1144 708 1388 755 indignationem
1421 711 1647 757 omnipotentis
1683 711 1758 753 Dei,

1014 769 1049 792 ac
1079 757 1238 793 beatorum
1267 757 1351 793 Petri
1375 767 1404 793 et
1429 759 1517 794 Pauli
1545 761 1757 807 apostolorum

1014 819 1082 841 etus
1109 820 1143 842 se
1169 816 1290 842 noverit
1312 821 1524 844 incursurum.

1063 856 1177 892 Datum
1198 857 1331 897 perusii,
1354 858 1592 906 decimoquinto
1611 859 1760 895 kalendas

1015 907 1100 947 maii,
1122 907 1321 954 pontificatus
1344 909 1439 943 nostri
1462 921 1544 944 anno
1567 921 1659 944 nono.

1052 968 1110 999 Dat.
1127 969 1173 999 die
1193 969 1227 999 17
1247 970 1349 1009 aprilis
1372 970 1454 1007 1252,
1470 971 1571 1009 pontif.
1591 980 1666 1000 anno
1684 981 1720 1001 ix.

1331 1138 1442 1173 XXVI.

1013 1214 1179 1252 Haeretici,
1204 1226 1364 1260 eorumque
1386 1217 1519 1260 fautores
1554 1224 1579 1250 et
1605 1219 1761 1262 complices

1061 1264 1160 1297 banno
1182 1272 1388 1310 (imponuntur,
1411 1273 1436 1298 ει
1463 1277 1566 1299 eorum
1598 1267 1676 1301 bona
1700 1280 1761 1312 pu-

1061 1314 1215 1347 blicantur
1241 1316 1297 1356 (l).

1011 1396 1183 1426 Innocentius
1218 1399 1358 1434 episcopus
1373 1406 1466 1428 servus
1486 1406 1624 1429 servorum
1650 1401 1704 1435 Dei.
1721 1403 1761 1431 ‹ti-

1059 1447 1140 1475 tectis
1156 1446 1221 1475 filiis
1240 1447 1374 1476 nobilibus
1392 1448 1461 1477 viris
1472 1449 1615 1483 universis,
1628 1451 1761 1480 marchio·

1056 1499 1143 1530 nibus.
1163 1498 1318 1530 comitibus,
1337 1498 1492 1531 baronibus,
1513 1505 1544 1526 ac
1562 1501 1760 1535 potestatibus.

1055 1547 1219 1580 rectoribus,
1239 1547 1404 1579 consulibus,
1425 1549 1454 1576 et
1487 1549 1670 1578 communibus
1697 1549 1761 1578 civi·

1056 1599 1157 1629 tatum,
1181 1598 1211 1625 et
1229 1597 1346 1625 aliorum
1363 1597 1484 1626 iocorum
1502 1604 1550 1633 per
1565 1598 1759 1632 Lombardiam.

1055 1647 1200 1676 marchiam
1210 1646 1375 1674 'tervisinam
1387 1642 1418 1684 (2
1425 1647 1431 1678 l
1439 1648 1466 1674 et
1471 1646 1653 1676 Romaniolam
1660 1648 1760 1676 consti·

1056 1698 1138 1729 tutis.
1160 1696 1277 1724 salutem
1293 1697 1323 1724 et
1342 1696 1520 1731 apostoticam
1537 1697 1760 1725 benedictionem.

1061 1764 1142 1800 Cum
1169 1764 1278 1799 fratres
1312 1763 1550 1800 praedicatores
1572 1765 1760 1811 generaliter

1014 1815 1043 1849 in
1067 1814 1266 1854 Lombardia,
1289 1813 1425 1848 Marchia
1464 1814 1626 1850 Trevisina
1649 1822 1679 1850 et
1700 1814 1759 1850 Ro-

1014 1864 1159 1908 maniola,
1186 1873 1292 1899 contra
1316 1864 1500 1907 haereticos,
1522 1873 1551 1899 et
1578 1877 1688 1899 omnes
1714 1877 1760 1899 se-

1012 1922 1077 1948 ctas
1091 1925 1198 1949 eorum
1211 1926 1413 1960 quocumque
1426 1915 1552 1948 nomine
1562 1923 1758 1964 censeantur.

1012 1963 1051 1998 ad
1074 1963 1290 2010 extirpandum
1314 1963 1386 1998 inde
1408 1971 1469 1997 tam
1492 1963 1595 2010 gravis
1625 1965 1758 2009 contagii

1014 2020 1148 2059 pestem,
1175 2020 1206 2047 et
1236 2013 1352 2048 malum
1394 2020 1496 2047 tantae
1537 2013 1695 2060 pravitatis
1728 2014 1758 2047 in

1013 2062 1154 2097 Ecclesia
1176 2062 1234 2097 Dei
1258 2062 1389 2097 nimium
1414 2062 1573 2109 pestilens,
1614 2062 1758 2098 duxerint

1013 2111 1223 2159 deputandos,
1266 2112 1499 2147 universitatem
1534 2120 1666 2147 vestram
1709 2125 1759 2146 ro·-

1013 2161 1147 2207 gandam
1174 2171 1226 2196 etc.
1250 2161 1433 2196 hortandam
1456 2161 1604 2196 duximus
1631 2169 1758 2201 attente,

1013 2219 1043 2244 et
1065 2211 1265 2254 monendam,
1282 2222 1337 2257 per
1357 2210 1525 2257 apostolica
1545 2211 1630 2245 vobis
1644 2211 1756 2258 scripta

1013 2259 1154 2294 districte
1185 2260 1405 2307 praecipiendo
1444 2260 1639 2303 mandantes,
1678 2272 1758 2307 qua-

1014 2317 1106 2344 tenus
1126 2321 1236 2344 omnes
1264 2309 1343 2352 iilos,
1378 2309 1431 2355 qui
1466 2320 1520 2355 per
1556 2310 1758 2356 inquisitores

1013 2358 1154 2402 eosdem,
1182 2360 1226 2393 vel
1255 2370 1311 2405 per
1336 2357 1413 2392 alios
1434 2358 1473 2391 de
1496 2358 1634 2405 ipsorum
1669 2371 1759 2394 man-

1013 2409 1085 2443 dato
1107 2408 1145 2442 de
1173 2407 1310 2442 haeresis
1338 2407 1480 2447 crimine,
1509 2408 1552 2442 vel
1577 2420 1632 2454 pro
1655 2407 1759 2444 defen-

1013 2459 1113 2502 sione,
1140 2469 1194 2491 seu
1224 2456 1447 2504 receptatione,
1474 2466 1527 2491 aut
1549 2456 1651 2492 favore
1682 2458 1758 2492 hae-

1048 2529 1086 2562 (¹)
1107 2528 1187 2562 Leges
1205 2535 1219 2553 a
1236 2527 1366 2554 Friderico
1381 2527 1540 2562 imperatore
1554 2530 1647 2554 contra
1668 2527 1759 2555 haere-

1014 2568 1078 2595 ticos
1097 2568 1160 2595 latas
1170 2575 1218 2594 suo
1234 2567 1290 2594 loco
1306 2567 1452 2602 posuimus,
1467 2566 1563 2593 additis
1581 2566 1760 2595 confirmatio-

1015 2608 1090 2634 nibus
1105 2607 1211 2635 Honorii
1228 2607 1276 2634 ΡΡ.
1295 2607 1340 2639 111,
1358 2610 1384 2633 et
1401 2606 1509 2634 huiusce
1529 2606 1660 2634 Pontificis
1679 2607 1760 2634 [nno-

1013 2648 1089 2674 centii
1113 2647 1154 2673 [V.
1173 2647 1212 2683 (ἓ)
1228 2648 1293 2682 Lege
1315 2648 1489 2679 Turi-isimon,
1512 2647 1661 2674 Tarvisium
1670 2650 1722 2674 etc„

1786 2314 1904 2337 Decretum.
