2129 3223
63 295 112 321 An.
131 293 160 322 C.
179 295 246 323 mo

97 2182 214 2205 chun-tn.

856 298 1065 321 lsxocrcsrtcs
1088 300 1122 321 ΙΙΙ
1146 299 1192 321 ΡΡ.

1665 294 1736 325 259
1804 302 1853 328 Λα.
1871 302 1900 329 C.
1915 302 1982 330 1²¹0

260 351 323 386 lum
351 351 390 386 de
416 350 527 386 Creole
547 363 618 386 cum
646 363 716 386 arce
749 351 885 387 nominis
919 353 1002 387 eius·
1042 353 1145 388 ctione
1167 354 1392 400 tertiadecima,
1426 356 1647 391 incarnationis
1679 356 1785 392 domi·

259 400 345 444 dem,
366 400 527 436 castellum
550 399 589 435 de
603 399 802 435 Monteciano
824 413 896 437 cum
915 409 1002 436 curte

259 462 327 489 sua,
368 457 400 484 et
439 448 586 484 omnibus
631 461 739 485 eorum
793 452 1000 497 pertinentiis.

259 497 352 540 Quod
379 497 476 533 habes
502 498 531 533 in
559 498 686 534 castello
712 499 878 546 Sylvulae,
917 500 1000 547 quod

258 547 355 582 hahes
376 547 406 582 in
432 547 674 595 Montepiscino,
697 557 728 583 et
766 549 796 583 in
835 548 999 585 Valerano.

256 596 454 632 Medietatem
481 597 520 632 de
543 597 626 645 sylva
654 606 682 632 et
705 597 772 632 lacu
789 597 827 632 de
851 598 1001 640 Verrano,

257 647 456 682 medietatem
479 646 518 682 de
554 647 621 681 lacu
648 655 677 681 et
712 647 824 694 palude
862 648 900 683 de
937 648 1002 683 Va-

258 695 340 740 iano,
361 696 501 744 quintam
526 704 644 743 partem
672 696 711 731 de
730 697 894 744 Aquatico,
912 711 1002 745 quar-

256 753 318 780 tam
355 754 473 793 partem
508 745 701 781 decimarum
745 754 774 781 et
808 746 999 782 oblationum

257 795 287 829 in
320 795 464 830 ecclesiis
503 795 539 830 ad
577 795 624 830 ius
657 794 809 830 Senensis
841 796 1001 832 Ecclesiae

258 844 497 891 pertinentibus,
524 845 664 892 quintam
693 853 811 891 partem
834 845 873 880 de
894 846 1002 882 Monte

256 893 405 936 Acutulo‚
426 894 480 941 qui
500 903 547 929 est
568 906 663 941 super
681 894 810 929 fluvium
826 894 864 930 de
890 895 1000 936 Rusia,

256 943 378 978 tertiam
407 951 523 991 partem
546 942 586 978 de
607 943 733 978 castello
765 952 796 978 et
835 954 921 980 curte
962 945 1001 980 de

256 991 336 1027 Radi
358 993 390 1027 in
411 993 594 1040 episcopatu
611 992 822 1033 Wolterrano,
860 1003 1000 1041 quartam

258 1050 375 1088 partem
412 1042 452 1077 de
484 1042 612 1077 castello
652 1050 682 1077 et
721 1051 808 1078 curte
847 1043 885 1078 de
915 1044 1001 1079 Valle

255 1091 374 1138 Aspera
403 1092 432 1126 in
467 1092 649 1139 episcopatu
697 1092 903 1132 Massanensi,
930 1106 1000 1129 cum

256 1140 403 1176 omnibus
442 1141 636 1187 pertinentiis
678 1143 811 1188 partium
857 1143 1001 1189 supradi-

256 1197 387 1225 ctarum.
403 1190 536 1225 Castella
560 1203 685 1238 quoque
720 1199 751 1225 et
774 1193 1000 1238 possessiones,

256 1251 336 1286 quae
361 1252 377 1274 a
412 1240 551 1275 Traduto
592 1240 653 1274 filio
686 1239 836 1275 Bernardi
877 1242 1002 1276 comitis

220 1294 222 1296 '
256 1296 319 1324 tarn
346 1288 377 1323 in
399 1290 546 1324 comitatu
570 1289 717 1332 Senensi,
740 1302 832 1336 quam
861 1290 1002 1326 Wolter-

257 1349 345 1384 rano,
371 1337 553 1374 Florentino
591 1347 621 1374 et
659 1337 829 1381 Fesulano,
867 1340 1000 1375 Senensi

256 1386 418 1423 Ecclesiae
445 1400 612 1423 concessae
646 1396 729 1422 sunt.
764 1388 842 1423 lllud
876 1402 1002 1436 quoque

256 1436 344 1471 dedit
364 1436 510 1472 Adalasia
533 1438 572 1472 de
593 1436 736 1476 Bibiauo,
754 1438 838 1484 quod
854 1438 1002 1484 Rigertus

257 1485 340 1521 filius
365 1485 509 1521 Rainaldi
533 1486 618 1521 dedit
646 1487 674 1520 in
712 1486 847 1522 Paterno
875 1487 1001 1532 Putido,

256 1535 341 1582 quod
376 1535 473 1571 babes
518 1535 557 1571 de
600 1534 790 1571 haereditate
829 1536 1000 1572 Rolandini

255 1583 470 1631 Longobardi,
498 1586 716 1633 possessiones
737 1598 814 1632 quas
837 1586 935 1622 habes
970 1588 999 1621 in

256 1635 403 1669 comitatu
426 1635 545 1670 castelli
575 1634 764 1679 Felicitatis,
786 1636 871 1682 quod
907 1636 1002 1672 babes

256 1683 287 1718 in
315 1684 443 1719 castello
469 1684 508 1719 de
534 1683 657 1722 Strove,
685 1692 714 1719 et
740 1685 770 1718 iu
799 1684 1000 1726 Castellione,

256 1733 382 1768 castella
403 1742 434 1769 et
461 1734 676 1781 possessiones
697 1746 807 1769 omnes
837 1747 916 1781 quas
956 1744 1000 1776 tu,

256 1781 304 1817 vel
329 1782 408 1817 alius
424 1794 478 1830 per
493 1792 523 1818 te
537 1791 622 1818 tenet
644 1783 673 1817 in
689 1784 839 1818 comitatu
854 1784 1000 1824 Senensi,

255 1830 483 1873 Wuherrano,
524 1832 706 1867 Florentino
722 1861 729 1873 ,
768 1832 926 1868 Fesulano
971 1844 1001 1870 et

256 1880 399 1922 Aretin0,
426 1881 639 1917 ordinationes
665 1882 756 1916 etiam
785 1883 1001 1929 ecclesiarum,

256 1941 337 1976 quae
354 1939 427 1965 sunt
448 1931 480 1965 in
504 1939 552 1965 tua
574 1931 791 1966 iurisdictione
802 1934 1000 1978 constitutae,

257 1979 339 2015 sicut
360 1980 615 2027 praedecessores
640 1980 684 2015 tui
716 1993 768 2015 eas
801 1981 1000 2028 habuerunt,

257 2036 288 2063 et
313 2036 346 2064 tu
373 2029 458 2076 ipsas
483 2029 633 2065 hactenus
655 2029 813 2074 habuisti,
842 2032 999 2067 devotioni

257 2086 329 2114 tuae
354 2079 538 2115 auctoritate
565 2079 734 2126 apostolica
767 2080 999 2117 confirmamus.

308 2127 515 2164 Decernimus
549 2140 642 2175 ergo,
679 2137 714 2163 ut
757 2129 832 2164 nulli
873 2132 1001 2167 omnino

259 2177 422 2213 hominum
448 2186 514 2222 etc.,
535 2190 628 2223 usque
650 2178 819 2225 profutura.
846 2179 936 2215 Salva
953 2181 1001 2215 ni-

260 2227 374 2262 mirum
401 2239 458 2276 per
479 2229 583 2262 omnia
613 2227 812 2274 Apostolicae
832 2228 924 2264 Sedis
944 2243 1001 2265 au-

259 2277 410 2312 ctoritate.
432 2276 465 2312 Si
488 2289 547 2325 qua
571 2276 665 2322 igitur
701 2276 732 2311 in
771 2277 908 2313 futurum
946 2291 1000 2314 ec-

259 2326 430 2362 clesiastica
451 2326 654 2362 saecularisve
673 2338 803 2372 persona
830 2327 910 2363 hanc
943 2341 1001 2363 no-

259 2383 341 2411 strae
366 2375 597 2411 constitutionis
624 2383 690 2414 etc„
714 2388 806 2421 usque
828 2377 997 2413 subiaceat.

259 2423 389 2460 Cunctis
411 2434 514 2460 autem
541 2424 642 2460 eidem
664 2425 731 2459 loco
757 2438 810 2460 sua
844 2427 908 2461 iura
930 2435 998 2466 etc„

260 2486 353 2520 usque
377 2474 548 2509 inveniant.
570 2474 683 2509 Amen.

308 2522 424 2558 Datum
446 2523 588 2559 Laterani
612 2537 667 2571 per
693 2535 818 2558 manum
858 2525 1002 2561 lobannis

261 2571 393 2608 Sanctae
430 2572 546 2608 Mariae
590 2573 620 2608 in
663 2572 832 2608 Cosmedin
879 2574 1000 2610 diaconi

262 2621 439 2667 cardinatis,
464 2621 598 2658 Sanctae
643 2621 803 2658 Romanae
843 2622 1002 2659 Ecclesiae

262 2670 450 2717 cancellarii,
478 2672 569 2707 tertio
595 2684 693 2708 nonas
733 2671 891 2715 februarii,
918 2673 1001 2708 indi-

1042 402 1131 437 nicae
1157 415 1240 438 anno
1262 403 1429 440 millesimo
1450 405 1667 441 ducentesimo
1689 418 1786 451 nono,

1044 452 1241 498 pontificatus
1264 465 1334 488 vero
1357 454 1663 490 dominilnnocentii
1684 455 1786 503 Papae

1042 501 1121 535 tertii
1144 514 1226 537 anno
1253 501 1451 539 duodecimo.

1070 561 1129 593 Dat.
1145 563 1192 593 die
1208 563 1225 593 3
1246 563 1386 595 februarii
1404 565 1489 603 1210,
1506 566 1607 606 pontis.
1623 576 1698 596 anno
1715 576 1761 597 xn.

1345 707 1486 743 LXXlll.

1043 775 1271 820 Confirmanlur
1309 776 1461 820 primatus
1504 777 1654 811 Ecclesiae
1700 779 1787 813 Tole-

1092 831 1192 862 tanae,
1221 831 1248 857 et
1273 833 1390 859 caetera
1412 826 1579 871 privilegia
1606 839 1625 861 a
1653 828 1786 874 Pontifi-

1091 874 1174 908 cibus
1200 875 1228 907 οἱ
1251 886 1389 908 concessa
1416 877 1473 918 (1).

1308 947 1522 979 SUMMARIUM

1041 1012 1208 1044 Exordium.
1219 1031 1258 1037 —
1269 1014 1428 1045 Toletanus
1441 1016 1571 1055 archiep.
1582 1015 1787 1056 Hispaniarum

1082 1058 1201 1096 primas.
1223 1076 1262 1081 —
1282 1058 1430 1089 Ecclesiae
1458 1060 1552 1090 eidem
1576 1060 1787 1100 suffraganeae.

1081 1118 1119 1124 —
1137 1101 1215 1132 Bona
1231 1104 1328 1133 omnia
1347 1105 1372 1134 ei
1389 1105 1550 1135 confirmat.
1567 1122 1607 1128 -
1623 1105 1788 1138 clausulae.

1042 1172 1213 1201 Innocentius
1238 1173 1379 1210 episcopus
1398 1181 1492 1204 servus
1508 1182 1647 1205 servorum
1665 1176 1720 1211 Del,
1740 1177 1788 1206 Ro·

1087 1222 1176 1250 dei-ico
1204 1222 1333 1252 Toletano
1370 1224 1569 1261 archiepiscopo
1602 1225 1790 1262 Hispaniarum

1086 1270 1211 1306 primati.
1232 1271 1341 1308 eiusque
1365 1274 1563 1303 successoribus
1586 1275 1710 1305 canonico
1728 1277 1789 1305 sub·

1087 1321 1241 1354 stituendts.
1261 1321 1289 1350 in
1305 1324 1476 1358 perpetuum.

1091 1388 1293 1423 sacrosancta
1317 1389 1458 1425 Romana
1477 1391 1618 1427 Ecclesia
1648 1393 1678 1427 in
1699 1392 1790 1428 beato
1835 1407 1953 1429 numum.

1042 1435 1137 1471 Petro
1160 1438 1369 1484 apostolorum
1408 1440 1547 1487 principe
1565 1441 1604 1476 ab
1633 1442 1703 1489 ipso
1724 1442 1791 1477 Sal·

1043 1494 1146 1520 vatore
1183 1489 1323 1522 omnium
1366 1488 1501 1524 Domino
1548 1489 1616 1525 Iesu
1661 1489 1789 1526 Christo

1042 1543 1136 1582 caput
1150 1544 1195 1570 est
1206 1536 1418 1572 Ecclesiarum
1441 1538 1582 1574 omnium
1601 1541 1787 1576 constituta:

1042 1585 1126 1619 unde
1140 1585 1280 1621 membra
1299 1598 1359 1621 non
1375 1587 1464 1622 decet
1475 1600 1491 1622 a
1503 1590 1604 1636 capite
1625 1589 1789 1635 dissidere,

1042 1633 1095 1668 sed
1119 1634 1269 1670 eminenti
1297 1637 1409 1671 rationi
1434 1646 1464 1672 et
1491 1650 1649 1685 supernae
1681 1640 1789 1687 provi—

1042 1683 1122 1718 sioni
1162 1685 1274 1731 capitis
1303 1685 1441 1720 obedire.
1470 1687 1656 1724 Moderatrix
1683 1697 1787 1725 autem

1042 1733 1188 1768 discretio
1210 1734 1332 1781 capitis,
1359 1736 1554 1782 singulorum
1572 1738 1787 1773 membrorum

1042 1782 1196 1818 officiosas
1218 1784 1355 1819 actiones
1377 1785 1591 1827 considerans,
1615 1788 1788 1836 unicuique

1042 1831 1089 1866 ius
1131 1840 1160 1866 et
1201 1833 1344 1868 ordinem
1387 1847 1402 1869 a
1439 1843 1548 1871 natura
1585 1838 1788 1873 constitutum

1041 1890 1214 1922 conservat,
1241 1891 1270 1917 et
1288 1883 1540 1932 quibuscumque
1563 1885 1722 1922 nobilibus
1734 1899 1789 1922 ve-

1043 1932 1174 1965 nustatis
1214 1944 1288 1966 suae
1331 1933 1513 1979 dignitatem
1560 1936 1627 1970 sine
1674 1936 1788 1972 invidia

1041 1980 1149 2015 sociali
1171 1980 1318 2016 charitate
1344 1983 1488 2019 custodit.
1513 1983 1579 2019 Hac
1616 1985 1710 2033 igitur
1744 1998 1788 2021 ra-

1041 2030 1127 2064 tione
1171 2031 1340 2077 prudenter
1389 2032 1534 2074 inducti,
1573 2035 1639 2070 iura
1674 2034 1788 2070 nobilis

1042 2087 1072 2114 et
1107 2079 1244 2115 famosae
1277 2081 1418 2116 Toletan.
1454 2082 1617 2118 Ecclesiae
1650 2085 1787 2131 Aposto-

1042 2129 1118 2164 licae
1153 2128 1244 2164 Sedis
1278 2133 1421 2178 propriae
1455 2144 1491 2166 ac
1523 2133 1667 2180 specialis
1704 2134 1786 2168 filiae

1042 2190 1225 2214 conservare
1247 2180 1404 2215 volentes:
1433 2182 1506 2221 tuis,
1529 2182 1715 2217 venerabilis
1729 2182 1786 2218 fra-

1042 2235 1088 2262 ter
1110 2227 1274 2269 Roderice,
1295 2242 1388 2277 quem
1417 2242 1487 2265 vera
1510 2231 1540 2265 in
1563 2230 1689 2266 Christo
1709 2232 1786 2266 cha-

1043 2278 1129 2312 ritate
1148 2277 1318 2324 diligimus,
1342 2279 1577 2315 rationabilibus
1600 2281 1786 2327 postulatio-

1042 2327 1135 2361 nibus
1162 2335 1308 2373 paternae
1336 2329 1458 2374 pietatis
1495 2329 1606 2365 affectu
1638 2330 1786 2366 duximus

1042 2376 1256 2410 annuendum.
1308 2376 1444 2424 Ideoque
1480 2390 1534 2425 per
1587 2387 1783 2426 praesentem
1814 2391 1982 2427 'splen-nusu-

1043 2425 1194 2471 privilegii
1226 2426 1380 2471 paginam,
1419 2426 1456 2461 ad
1494 2428 1654 2475 exemplar
1687 2428 1786 2465 felicis
1799 2424 1880 2474 ξ’ξζῗξζῃ
1897 2421 1983 2481 „¹:³ss

1042 2474 1267 2509 recordationis
1289 2475 1417 2516 Urbani,
1440 2475 1566 2517 Gelasii,
1587 2477 1711 2520 Calixti‚
1726 2478 1786 2514 Ho-

1043 2524 1135 2567 norii,
1156 2523 1303 2569 Eugenii,
1325 2524 1466 2566 Adriani,
1489 2525 1657 2561 Alexandri
1681 2529 1785 2574 primi,

1041 2572 1212 2607 Alexandri
1234 2573 1377 2618 secundi,
1399 2574 1566 2610 Alexandri
1593 2577 1687 2622 tertii,
1720 2577 1785 2613 Ur-

1042 2622 1112 2656 bani
1149 2630 1179 2656 et
1206 2621 1372 2658 Coelestini
1406 2623 1681 2670 praedecessorum
1720 2640 1785 2664 no—

1076 2688 1115 2722 (¹)
1131 2687 1168 2713 Ex
1188 2688 1287 2721 Baluz„
1306 2689 1348 2715 lib.
1367 2696 1427 2722 xm,
1449 2690 1494 2726 Ep.
1515 2692 1540 2724 5,
1561 2700 1619 2727 pag.
1638 2692 1697 2721 1108.
