2129 3223
85 289 138 317 An.
155 288 184 316 C.
202 289 268 316 12¹0

98 438 206 465 Eiusdem,
245 443 266 461 οι

83 468 188 490 uuillelmi
203 470 229 491 do
243 469 265 491 S.

82 500 189 520 Antonlno
217 501 265 522 fidei

82 529 193 556 protento.

865 284 1074 308 ”cnoel-:xnus
1096 285 1133 306 111
1157 285 1205 306 ΡΡ.

1690 277 1762 308 247

280 341 425 377 morabor
438 368 448 385 ,
491 340 702 375 obedientiam
745 347 774 373 et
817 340 1023 373 reverentiam
1066 350 1125 385 qua
1145 346 1314 385 postquam
1330 338 1527 374 manducavit
1545 347 1576 374 et
1597 339 1688 380 bibit,
1706 351 1813 376 ascen-

277 391 444 434 exhibebo,
477 398 540 425 tam
573 389 724 431 debitam,
751 401 844 436 quam
868 389 1021 423 devotam.

276 440 434 488 Scriptum
465 448 569 474 autem
601 438 806 474 confessionis
833 449 941 473 eorum
975 447 1022 473 est

278 489 348 524 tale:
375 488 483 523 Pateat
504 489 651 524 omnibus
673 488 830 525 fidelibus,
857 488 940 534 quod
964 500 1022 533 ego

277 537 446 574 Durandus
471 539 510 572 de
531 538 624 577 Osca,
652 546 681 572 et
702 537 893 573 Guillelmus
914 537 952 570 de
983 538 1017 571 S.

274 587 449 627 Antonino,
473 596 504 622 et
529 600 640 622 omnes
662 587 771 622 fratres
796 587 904 626 nostri,
926 587 1020 621 corde

273 637 445 681 credimus,
472 637 533 672 fide
558 636 775 684 intelligimus,
803 648 856 671 ore
882 636 1020 670 conlite-

273 699 358 727 mur,
384 695 415 721 et
448 687 645 734 simplicibus
680 686 780 721 verbis
814 685 1018 724 affirmamus,

272 735 412 780 Patrem,
435 745 465 771 et
488 736 614 777 Filium,
628 745 657 771 et
675 735 829 783 Spiritum
852 734 1018 774 Sanctum,

274 794 337 820 tres
359 798 510 831 personas
531 798 610 823 esse,
637 797 735 820 unum
763 785 880 829 Deum,
906 793 1019 819 totam—

273 847 334 883 que
351 836 536 871 Trinitatem
556 835 804 871 coessentialem.
831 842 859 868 et
881 834 1018 869 consub-

272 886 461 925 stantialem,
495 893 525 920 et
551 884 786 927 coaeternalem,
818 891 848 918 et
874 884 1018 918 coomni-

273 943 443 981 potentem,
469 942 501 969 et
521 934 660 980 singulas
686 945 827 981 quasque
855 934 883 967 in
912 933 1017 968 Trini-

271 993 331 1019 tate
368 997 518 1032 personas
544 984 672 1031 plenum
708 983 831 1020 Deum:
870 983 949 1017 sicut
983 984 1014 1017 in

269 1035 365 1068 Credo
385 1036 419 1068 in
437 1035 616 1073 Dominum,
639 1041 667 1067 et
691 1033 720 1067 in
744 1034 840 1067 Credo
865 1034 895 1066 in
921 1045 1015 1066 unum

270 1084 379 1125 Deum,
401 1091 432 1118 et
453 1084 483 1118 in
511 1085 700 1127 Quicumque
717 1084 800 1123 vult,
821 1082 1012 1117 continetur.

269 1132 390 1168 Patrem
419 1145 557 1180 quoque,
584 1141 615 1167 et
647 1131 776 1169 Filium,
805 1139 835 1165 et
862 1130 1012 1177 Spiritum

267 1182 433 1222 Sanctum,
473 1195 571 1217 unum
608 1181 726 1219 Deum,
760 1181 798 1214 de
832 1192 895 1227 quo
922 1180 1014 1214 nobis

267 1244 382 1273 sermo,
404 1244 473 1266 esse
495 1239 680 1275 creatorem,
708 1230 868 1269 factorem,
895 1229 1014 1275 guber-

266 1290 425 1322 natorem,
457 1289 488 1315 et
509 1281 735 1328 dispositorem
763 1280 905 1313 omnium
942 1291 1013 1314 cor-

267 1331 420 1377 poralium
448 1339 478 1366 et
512 1330 734 1377 spiritualium,
771 1328 939 1363 visibilium
982 1338 1010 1364 et

265 1380 481 1424 invisibilium,
507 1380 602 1415 corde
624 1379 796 1421 credimus,
818 1386 847 1411 et
870 1390 923 1412 ore
939 1389 1013 1412 con-

264 1430 399 1466 titemur.
424 1429 501 1465 Novi
517 1438 547 1464 et
562 1430 678 1464 veteris
698 1427 891 1462 Testamenti
913 1440 1009 1462 unum

262 1479 462 1527 eundemque
483 1487 641 1514 auctorem
670 1489 738 1512 esse
757 1477 928 1511 Dominum
944 1488 1011 1511 cre-

263 1528 381 1570 dimus,
412 1529 466 1576 qui
494 1529 524 1563 in
559 1527 730 1566 Trinitate,
758 1535 788 1561 ut
811 1526 928 1560 dictum
952 1534 1009 1567 est,

263 1590 472 1624 permanens,
513 1578 552 1612 de
591 1576 692 1612 nihilo
732 1584 843 1610 cuncta
881 1577 1008 1610 creavit.

262 1627 473 1675 loanncmque
507 1627 678 1674 Baptistam
715 1625 754 1659 ab
788 1637 824 1659 eo
858 1626 1009 1665 missum,

261 1690 330 1713 esse
363 1685 526 1713 sanctum.
564 1685 595 1711 et
621 1684 753 1714 iustum,
789 1683 818 1708 et
855 1687 884 1708 tn
922 1682 1010 1709 utero

261 1728 371 1763 matris
412 1739 487 1762 suae
524 1725 644 1773 Spiritu
685 1724 800 1759 Sancto
843 1724 1008 1770 repletum.

261 1777 510 1813 incarnationem
543 1775 726 1818 divinitatis,
752 1785 815 1808 non
844 1773 874 1807 in
898 1772 1009 1817 Patre,

261 1838 363 1873 neque
384 1827 416 1861 in
449 1825 569 1872 Spiritu
596 1824 714 1859 Sancto
742 1824 865 1859 laetam,
899 1823 953 1857 sed
977 1824 1008 1857 in

260 1875 344 1911 Filio
381 1884 523 1917 tantum,
558 1874 653 1908 corde
687 1872 866 1912 eredimus,
894 1880 926 1906 et
956 1884 1010 1907 ore

261 1926 456 1961 confitemur.
480 1923 521 1958 Ut
542 1923 595 1970 qui
618 1930 683 1958 erat
704 1923 734 1956 in
757 1921 929 1966 divinitate,
951 1921 1009 1957 Dei

261 1974 364 2010 Patris
389 1974 488 2010 Filius
513 1972 600 2008 Deus
626 1984 718 2006 verus
735 1983 773 2006 ex
794 1970 899 2015 Patre,
926 1980 1009 2006 esset

262 2025 293 2059 in
309 2023 514 2063 humanitate,
528 2022 665 2057 hominis
682 2020 780 2056 Filius
794 2020 899 2055 Homo
918 2032 1008 2056 verus

261 2086 298 2108 ex
325 2074 441 2113 Matre,
468 2084 571 2107 veram
600 2083 725 2105 carnem
759 2070 880 2105 habens
903 2082 941 2104 ex
964 2072 1008 2104 vi-

261 2123 404 2159 sceribus
438 2122 567 2159 Matris,
606 2128 635 2154 et
667 2120 802 2154 animam
838 2119 1007 2154 humanam

263 2172 476 2209 rationabilem
504 2169 600 2206 simul
624 2169 784 2216 utriusque
808 2178 948 2207 naturae,
976 2169 1006 2204 id

261 2230 324 2262 est,
352 2221 439 2257 Deus
461 2229 491 2256 et
515 2221 610 2255 homo
639 2231 697 2253 una
733 2230 886 2266 persona,
925 2231 1008 2254 unus

262 2271 373 2311 Filius,
406 2283 487 2306 unus
519 2269 676 2308 Christus,
713 2281 797 2303 unus
818 2267 904 2303 Deus
935 2281 1005 2303 cum

263 2320 353 2357 Patre
374 2330 404 2356 et
432 2320 552 2368 Spiritu
575 2318 691 2353 Sancto
725 2318 865 2352 omnium
899 2326 1009 2353 auctor

262 2379 293 2405 et
313 2377 427 2411 rector,
456 2378 548 2405 natus
581 2381 617 2402 ex
651 2366 779 2414 Virgine
808 2367 904 2402 Maria
937 2380 1006 2402 vera

262 2420 364 2456 earnis
390 2420 566 2460 nativitate,
604 2416 822 2461 manducavit,
848 2426 878 2451 et
911 2417 1007 2456 bibit,

263 2469 410 2504 dormivit
439 2477 470 2503 et
496 2469 643 2515 fatigatus
676 2479 711 2501 ex
746 2466 854 2501 itinere
880 2467 1007 2513 quievit,

265 2530 373 2565 passus
394 2530 464 2553 vera
496 2518 600 2553 carnis
627 2529 700 2551 suae
727 2516 885 2562 passione,
916 2528 1007 2552 mor-

263 2576 338 2602 tuus
358 2579 428 2603 vera
455 2568 596 2615 corporis
629 2566 676 2601 sui
705 2573 814 2605 morte,
841 2573 872 2600 et
903 2577 1009 2602 resur-

267 2616 346 2654 rexit
371 2628 440 2652 vera
475 2617 579 2651 carnis
605 2628 679 2651 suae
706 2616 945 2655 resurrectione,
978 2624 1009 2651 et

267 2676 336 2700 vera
363 2667 485 2701 animae
511 2666 548 2701 ad
571 2678 685 2713 corpus
720 2665 947 2712 resumptione:
977 2667 1007 2700 in

1065 388 1110 423 dit
1137 388 1167 422 in
1189 388 1325 431 coelum,
1351 388 1439 423 sedet
1458 388 1497 423 ad
1513 388 1673 425 dexteram
1693 388 1810 427 Patris,

1063 445 1094 472 et
1116 438 1145 471 in
1169 437 1278 472 eadem
1308 446 1458 472 venturus
1483 446 1531 473 est
1552 438 1691 474 iudicare
1725 439 1811 474 vivos

1063 495 1093 520 et
1121 495 1270 522 mortuos.
1304 485 1407 521 Corde
1429 488 1587 522 credimus
1607 497 1637 523 et
1658 500 1712 523 ore
1732 500 1810 525 con-

1063 536 1187 571 fitemur
1224 549 1315 571 unam
1351 536 1544 581 Ecclesiam,
1583 550 1644 572 non
1673 537 1809 573 haereti-

1062 598 1192 630 corum,
1218 586 1271 621 sed
1299 594 1450 629 sanctam,
1479 586 1666 625 Romanam,
1699 587 1808 623 catho-

1062 637 1151 671 licam
1174 643 1204 671 et
1229 636 1451 683 apostolicam,
1473 643 1556 671 extra
1583 649 1675 681 quam
1702 638 1807 672 nemi-

1063 698 1133 720 nem
1161 685 1270 721 salvari
1299 684 1469 720 credimus.
1496 684 1696 721 Sacramenta
1725 699 1807 734 quo—

1061 747 1134 782 que,
1156 747 1235 782 quae
1259 735 1289 770 in
1306 747 1340 769 ea
1356 734 1566 778 celebrantur,
1588 736 1804 771 inaestimabili

1061 793 1153 832 atque
1195 784 1342 820 invisibili
1382 785 1496 818 virtute
1527 783 1664 831 Spiritus
1697 785 1803 820 Sancti

1059 842 1268 880 cooperante,
1296 834 1367 869 licet
1407 847 1420 867 a
1451 842 1613 880 peccatore
1643 835 1805 870 sacerdote

1061 885 1288 925 ministrentur,
1323 883 1398 918 dum
1426 883 1566 918 Ecclesia
1588 895 1660 918 eum
1683 885 1804 931 recipit,

1060 934 1089 967 in
1117 934 1204 968 nullo
1230 933 1458 980 reprobamus,
1495 945 1551 967 nec
1583 933 1804 969 ecclesiasticis

1058 983 1169 1019 officiis
1213 984 1259 1018 vel
1292 982 1568 1017 benedictionibus
1600 982 1640 1016 ab
1667 994 1705 1017 eo
1724 982 1805 1018 cele-

1058 1032 1154 1067 bratis
1189 1033 1402 1071 detrahimus,
1429 1031 1484 1066 sed
1518 1031 1670 1067 benevolo
1699 1033 1804 1068 anime

1058 1090 1203 1129 tanquam
1227 1095 1242 1116 a
1266 1082 1436 1117 iustissimo
1462 1082 1699 1128 amplectimur:
1730 1083 1801 1129 quia

1057 1144 1118 1166 non
1147 1140 1235 1166 nocet
1271 1131 1387 1166 malitia
1421 1132 1560 1178 episcopi
1601 1131 1646 1165 vel
1674 1132 1803 1180 presby-

1057 1182 1128 1225 teri,
1156 1193 1257 1227 neque
1292 1181 1329 1216 ad
1358 1180 1548 1227 baptismum
1576 1179 1718 1221 infantis,
1752 1194 1803 1217 ne·

1054 1243 1116 1278 que
1139 1231 1175 1266 ad
1200 1230 1432 1265 Eucharistiam
1459 1229 1716 1274 consecrandam,
1743 1243 1799 1267 nec

1054 1281 1091 1315 ad
1131 1288 1252 1315 caetera
1291 1279 1500 1314 ecclesiastica
1537 1278 1636 1314 officia
1668 1279 1800 1315 subditis

1053 1330 1220 1365 celebrata.
1254 1328 1477 1376 Approbamus
1503 1340 1578 1376 ergo
1609 1328 1798 1375 baptismum

1055 1379 1232 1423 infantium,
1269 1379 1373 1425 quisi
1403 1378 1540 1413 defuncti
1575 1377 1691 1413 fuerint
1731 1388 1798 1426 post

1054 1429 1245 1476 baptismum
1269 1436 1437 1475 antequam
1453 1435 1580 1473 peccata
1592 1428 1799 1468 committant,

1054 1478 1187 1512 fatemur
1212 1491 1267 1513 eos
1293 1477 1415 1521 salvari,
1443 1485 1474 1511 et
1495 1476 1673 1517 credimus;
1710 1485 1742 1512 et
1768 1479 1797 1512 in

1054 1527 1241 1575 baptismate
1262 1527 1367 1562 onmia
1391 1534 1528 1574 peccata,
1556 1536 1617 1561 tam
1640 1526 1718 1561 illud
1740 1528 1799 1562 ori-

1052 1577 1153 1623 ginale
1182 1586 1344 1624 peccatum
1379 1584 1586 1615 contractum,
1619 1588 1712 1623 quam
1748 1576 1797 1611 illa

1052 1639 1131 1673 quae
1159 1627 1334 1661 voluntarie
1370 1626 1538 1660 commissa
1561 1633 1646 1666 sunt,
1682 1625 1796 1661 dimitti

1051 1676 1219 1711 credimus,
1259 1675 1541 1710 Confirmationem
1577 1675 1616 1709 ab
1649 1675 1798 1723 episeopo

1052 1726 1188 1770 factam,
1230 1726 1334 1764 idest,
1371 1725 1606 1772 impositionem
1647 1736 1796 1760 manuum

1051 1785 1202 1819 sanctam,
1234 1784 1264 1809 et
1285 1774 1463 1810 venerande
1482 1786 1553 1809 esse
1579 1774 1795 1821 accipiendam

1051 1837 1229 1860 censemus.
1252 1824 1286 1859 In
1302 1824 1454 1859 sacrificio
1468 1823 1695 1866 Eucharistiae,
1715 1836 1798 1871 quae

1051 1883 1122 1909 ante
1136 1874 1403 1910 consecrationem
1423 1882 1510 1908 erant
1526 1873 1616 1920 panis
1633 1882 1664 1909 et
1676 1874 1796 1916 vinum,

1051 1934 1119 1971 post
1145 1925 1412 1959 consecrationem
1441 1936 1509 1958 esse
1532 1935 1637 1959 verum
1659 1923 1795 1973 Corpus,

1050 1982 1081 2008 et
1107 1985 1213 2009 verum
1236 1973 1430 2020 Sanguinem
1461 1972 1587 2008 Domini
1610 1975 1707 2009 nostri
1725 1975 1794 2010 Iesu

1050 2023 1187 2064 Christi,
1222 2023 1353 2058 firmiter
1386 2031 1416 2057 et
1460 2023 1674 2058 indubitanter
1701 2025 1796 2060 corde

1050 2085 1130 2120 puro
1152 2073 1323 2116 credimus,
1350 2081 1379 2107 et
1407 2072 1592 2119 simpliciter
1622 2073 1725 2109 verbis
1759 2074 1795 2108 fi-

1049 2122 1172 2158 delibus
1193 2122 1396 2158 affirmamus.
1424 2121 1456 2156 Iu
1484 2134 1547 2168 quo
1574 2122 1650 2157 nihil
1673 2135 1689 2158 a
1711 2124 1794 2158 bono

1050 2172 1162 2210 maius,
1195 2183 1253 2206 nec
1281 2183 1297 2206 a
1321 2171 1401 2206 malo
1434 2171 1540 2206 minus
1562 2172 1667 2219 perfici
1691 2172 1794 2207 credi-

1050 2234 1119 2255 mus
1140 2221 1316 2261 sacerdote;
1344 2221 1414 2268 quia
1439 2233 1499 2255 non
1529 2221 1558 2255 in
1587 2222 1696 2256 merito
1717 2234 1794 2256 con-

1049 2271 1211 2308 secrantis,
1234 2271 1287 2305 sed
1309 2272 1337 2304 in
1362 2270 1455 2304 verbo
1476 2270 1608 2305 efficitur
1627 2271 1796 2314 Creatoris,

1048 2328 1078 2355 et
1106 2321 1135 2355 in
1167 2321 1279 2354 virtute
1305 2319 1442 2366 Spiritus
1468 2319 1587 2353 Sancti.
1615 2319 1707 2354 Unde
1741 2320 1797 2356 fir-

1050 2370 1141 2404 miter
1162 2369 1322 2404 credimus
1336 2377 1366 2402 et
1387 2369 1585 2409 confitemur,
1601 2369 1685 2416 quod
1699 2382 1796 2417 quan·

1049 2427 1252 2465 tumcumque
1274 2417 1407 2464 quilibet
1428 2417 1592 2461 honestus,
1615 2418 1794 2465 religiosus,

1049 2476 1177 2502 sanctus
1203 2476 1233 2501 et
1267 2466 1406 2513 prudens
1427 2467 1484 2505 sit,
1518 2479 1580 2502 non
1608 2476 1709 2514 potest
1737 2477 1794 2504 nec

1049 2517 1143 2551 debet
1159 2516 1388 2551 Eucharistiam
1405 2528 1600 2557 consecrare,
1619 2529 1678 2552 nec
1691 2517 1795 2553 altaris

1049 2566 1237 2601 sacrificium
1266 2565 1436 2602 conficere.
1470 2566 1530 2600 nisi
1556 2567 1594 2601 sit
1622 2567 1793 2615 presbyter,

1050 2627 1066 2650 a
1094 2615 1205 2649 visibili
1229 2623 1258 2650 et
1280 2615 1419 2662 tangibili
1442 2615 1591 2663 episcopo
1612 2617 1795 2663 regulariter

1051 2665 1225 2700 ordinatus.
1254 2665 1301 2699 Ad
1337 2665 1419 2711 quod
1448 2664 1582 2699 officium
1611 2667 1668 2701 tria
1702 2675 1794 2711 sunt,

1828 286 1878 312 An.
1894 284 1923 313 C.
1942 286 2008 313 ¹2¹0
