2129 3223
151 255 198 281 Αη.
218 256 237 282 C
267 257 333 283 1198

401 248 411 278 1
422 248 467 280 20

349 311 527 347 hostilitatis
565 311 703 345 saevitiis
743 311 772 345 in
812 311 943 346 eandem
978 319 1089 344 terram

348 372 574 406 nonnunquam
600 360 745 395 licentius
765 360 994 405 grassabantur.
1009 358 1094 401 Quo-

347 412 427 445 circa
450 408 618 445 venerabili
652 417 738 456 patre
768 409 916 444 Vualtero
937 409 1093 455 archiepi-

346 472 442 507 scopo
479 468 510 493 et
531 459 668 506 capitulo
694 456 923 506 Rothomagen.
951 458 1091 493 debitum

346 508 545 549 habentibus,
563 508 601 543 ad
618 516 739 552 nostra,
758 508 976 556 etpraedictae
995 515 1093 542 terrae

346 567 469 594 nostrae
495 558 607 593 damna
631 566 821 605 respectum,
849 558 925 593 sacta
952 565 999 593 est
1018 558 1094 592 haec

348 609 535 655 permutatio
558 608 638 642 inter
658 607 832 642 Ecclesiam
860 607 1091 653 Rothomagen.

222 671 230 683 r
262 670 280 683 Θ·
308 670 333 683 ¹¹-
346 666 377 692 et
402 658 677 705 archiepiscopum
705 657 819 692 Rotho.
850 656 1025 691 Walterum
1056 668 1094 690 ex

347 719 407 742 una
436 716 534 755 parte,
556 717 587 742 et
613 719 669 741 nos
696 719 733 742 ex
754 706 850 741 altera
872 714 959 753 parte
974 705 1013 740 de
1027 705 1095 740 Ma-

347 757 435 791 nerio
454 760 512 801 (l),
534 756 573 791 de
594 755 709 791 Arideli
732 757 763 790 in
787 756 844 791 hac
866 756 976 799 forma,
1003 755 1095 790 scili-

347 815 407 849 cet,
442 806 525 853 quod
554 806 636 841 idem
670 805 926 852 archiepiscopus
947 805 985 839 de
1011 816 1095 838 con-

347 856 475 891 scientia
503 864 533 890 et
561 855 718 890 voluntate
744 854 864 889 domini
886 854 990 901 Papae
1011 852 1095 888 Coe-

347 905 451 940 lestini
479 905 533 948 tlt,
559 904 645 939 etde
672 915 801 939 assensu
824 903 950 950 capituli
972 903 1095 938 Rotho-

349 967 472 1001 magen.
500 953 670 992 Ecclesiae,
692 961 723 987 et
745 953 1004 999 coepiscoporum
1020 965 1095 987 suo-

348 1016 429 1045 rum,
460 1012 490 1038 et
516 1003 591 1038 cleri
624 1002 768 1037 eiusdem
795 1002 1094 1049 archiepiscopatus,

348 1053 505 1088 concessit
537 1060 567 1087 et
589 1053 619 1086 in
648 1060 836 1099 perpetuum
859 1052 1002 1098 quietum
1029 1051 1095 1086 cla-

349 1103 444 1137 mavit
470 1101 561 1136 nobis
595 1109 624 1136 et
651 1100 839 1136 haeredibus
861 1101 976 1135 nostris
1009 1113 1097 1146 prae·

348 1152 467 1186 dictum
502 1151 677 1186 Manerium
705 1150 743 1185 de
774 1150 888 1185 Andeli
916 1162 987 1185 cum
1018 1161 1096 1184 novo

348 1201 475 1236 castello
502 1201 541 1235 de
574 1200 686 1246 Rupe,
726 1208 756 1234 et
790 1212 862 1234 cum
890 1199 1022 1239 foresta,
1067 1207 1097 1234 et

348 1263 421 1285 cum
449 1250 519 1285 aliis
540 1250 691 1285 omnibus
714 1249 909 1296 pertinentiis
943 1257 974 1283 et
1003 1248 1097 1283 liber-

349 1300 464 1335 tatibus
492 1300 575 1340 suis,
608 1299 745 1346 exceptis
776 1298 918 1333 ecclesiis
942 1306 973 1332 et
1001 1310 1097 1344 prae-

350 1349 460 1384 bendis
511 1358 541 1384 et
584 1348 687 1383 feudis
717 1348 869 1388 militum,
904 1356 934 1381 et
967 1356 1097 1394 excepto

351 1399 491 1433 Manerio
523 1399 562 1433 de
598 1397 762 1438 Fraxinis,
797 1409 869 1432 cum
902 1396 1098 1443 pertinentiis

351 1449 426 1482 suis.
464 1448 553 1490 Quae
587 1447 691 1482 omnia
726 1447 806 1481 idem
841 1445 1098 1493 archiepiscopus

353 1497 512 1532 Ecclesiae
532 1497 761 1543 Rothomagen.
787 1505 818 1530 et
835 1495 907 1536 sibi,
929 1504 958 1530 31
978 1507 1098 1530 succes-

352 1547 478 1582 soribus
499 1547 565 1581 suis
588 1547 726 1586 retinuit,
748 1557 818 1580 cum
841 1544 989 1579 omnibus
1011 1545 1098 1579 liber-

354 1596 467 1631 tatibus
494 1605 523 1631 et
553 1595 835 1631 consuetudinibus
863 1595 939 1634 suis,
975 1603 1003 1629 et
1026 1606 1096 1628 cum

352 1646 437 1680 omni
466 1645 640 1691 integritate
666 1657 723 1680 sua
753 1645 783 1679 in
819 1652 1020 1690 perpetuum:
1058 1645 1097 1678 ita

353 1695 437 1742 quod
455 1703 515 1730 tam
538 1695 666 1739 milites,
687 1706 780 1741 quam
798 1693 914 1733 clerici,
937 1702 966 1727 et
987 1705 1098 1728 omnes

354 1745 498 1780 homines
524 1753 584 1780 tam
612 1744 651 1779 de
683 1743 785 1778 feudis
818 1743 969 1782 militum,
1005 1755 1097 1789 quam

352 1794 391 1829 de
419 1794 618 1841 praebendis,
645 1800 817 1841 sequentur
844 1792 1022 1827 molendina
1060 1792 1099 1826 de

353 1843 480 1884 Andeli,
502 1845 582 1879 sicut
604 1850 845 1881 consueverunt,
872 1850 902 1875 et
924 1842 1050 1885 debent,
1069 1850 1099 1876 et

355 1893 500 1928 molitura
526 1894 584 1928 erit
610 1901 727 1927 nostra:
757 1892 1012 1938 archiepiscopus
1040 1903 1098 1925 au-

354 1951 429 1984 tem,
455 1951 486 1977 et
512 1942 656 1978 homines
677 1942 723 1976 sui
746 1941 784 1976 de
807 1940 947 1975 Fraxinis
983 1941 1100 1975 molent

356 1992 410 2026 ubi
436 1991 519 2027 idem
537 1991 793 2038 archiepiscopus
820 1990 968 2031 volet,·et
989 1990 1014 2023 si
1038 2002 1099 2024 vo-

354 2041 470 2077 luerint
496 2042 613 2077 molere
633 2040 716 2087 apud
739 2039 865 2078 Arideli,
890 2038 1009 2074 dabunt
1030 2051 1099 2073 mo-

356 2091 465 2126 lituras
485 2104 576 2132 suas,
602 2091 683 2125 sicut
709 2090 761 2124 alii
796 2088 910 2123 ibidem
935 2088 1096 2122 molentes.

323 2141 390 2186 ‘'jln
416 2141 612 2176 escambium
647 2147 750 2173 autem
791 2138 940 2185 praedicti
967 2137 1097 2171 Manerii

244 2209 278 2222 na
296 2209 341 2222 mo-
356 2191 395 2226 de
416 2190 530 2225 Arideli
568 2202 638 2224 cum
668 2188 864 2236 pertinentiis
886 2187 1099 2221 concessimus

311 2240 342 2285 οἱ,
357 2248 388 2276 et
414 2242 443 2275 in
467 2247 651 2288 perpetuum
679 2239 783 2285 quieta
810 2237 1014 2271 clamavimus
1038 2235 1100 2270 Ec-

297 2291 470 2326 wetesiae
495 2289 723 2335 Rothomagen.
759 2294 789 2322 et
814 2286 971 2333 praedicto
997 2285 1100 2320 archi-

358 2341 505 2388 episcopo
551 2346 581 2374 et
618 2336 854 2373 successoribus
899 2336 964 2370 suis
995 2335 1100 2369 omnia

360 2389 556 2433 molendina,
582 2400 662 2435 quae
698 2399 756 2422 nos
786 2386 954 2421 habuimus
980 2384 1101 2419 Rotho-

360 2440 442 2486 magi
480 2437 608 2486 quando
649 2438 723 2472 haec
758 2435 943 2483 permutatio
982 2434 1101 2479 integre

360 2493 436 2527 facta
459 2492 528 2534 fuit,
549 2504 620 2528 cum
642 2491 727 2526 omni
751 2488 876 2536 sequela
907 2496 937 2523 et
958 2487 1100 2522 molitura

360 2559 427 2588 sua,
449 2547 516 2582 sine
537 2547 642 2593 aliquo
658 2544 864 2581 retenimento
882 2554 1002 2582 eorum,
1021 2552 1101 2589 quae

396 2616 434 2651 (1)
451 2618 614 2646 Marici-ium,
631 2614 757 2641 habitatio
772 2616 811 2640 est
821 2620 882 2640 cum
893 2615 963 2638 certa
974 2611 1028 2646 agri
1039 2619 1101 2647 por-

362 2657 430 2682 tione
446 2664 458 2682 a
478 2658 602 2681 manendo
620 2655 697 2681 dicta.
717 2655 743 2690 (3
773 2652 810 2685 r)

933 256 1010 277 [tritt.
1019 255 1115 277 sslll'M
1141 255 1207 276 111131
1215 256 1228 276 A
1236 255 1299 276 ³<th

1894 253 1942 278 An.
1960 251 1986 278 C.
2001 252 2068 280 1¹98

1134 309 1171 344 ad
1187 310 1366 345 molendina
1383 310 1551 356 pertinent,
1573 309 1620 344 vel
1631 310 1669 345 ad
1687 310 1875 344 molituram:

1134 367 1163 393 et
1191 370 1264 393 cum
1304 358 1452 394 omnibus
1478 359 1674 395 libertatibus
1709 368 1739 395 et
1769 358 1878 393 liberis

1134 407 1432 454 consuetudinibus,
1465 421 1543 456 quas
1580 409 1681 443 solent
1706 415 1737 444 et
1762 407 1877 444 debent

1135 457 1259 492 habere.
1283 458 1347 493 Nec
1369 458 1418 493 alii
1445 458 1553 494 licebit
1579 458 1794 493 molendinum
1829 457 1878 491 sa—

1134 519 1204 541 cere
1218 507 1331 542 ibidem
1347 507 1385 542 ad
1402 508 1623 543 detrimentum
1648 507 1877 554 praedictorum

1136 556 1408 598 molendinorum,
1441 565 1471 591 et
1498 557 1589 592 debet
1623 556 1879 604 archiepiscopus

1134 606 1254 641 solvere
1297 606 1512 654 eleemosynas
1538 606 1711 653 antiquitus
1748 613 1879 641 statutas

1135 655 1173 689 de
1195 656 1314 691 eisdem
1330 656 1528 690 molendinis.
1551 655 1773 690 Concessimus
1787 656 1877 690 etiam

1134 705 1179 739 eis
1201 705 1303 740 villam
1322 705 1360 740 de
1377 705 1486 752 Diepa,
1508 713 1538 739 et
1553 704 1654 739 villam
1677 704 1716 739 de
1733 703 1880 740 Boteilles

1135 766 1205 789 curn
1229 754 1377 789 omnibus
1405 754 1598 801 pertinentiis
1623 762 1653 789 et
1686 753 1880 789 libertatibus

1135 812 1165 838 et
1191 804 1298 838 liberis
1324 803 1608 838 consuetudinibus
1633 803 1709 843 suis,
1741 804 1881 850 exceptis

1135 853 1343 901 eleemosynis
1379 853 1556 888 constitutis
1595 853 1625 887 in
1665 852 1803 887 Manerio
1842 853 1881 888 de

1137 901 1233 949 Diepa
1260 915 1275 937 a
1309 902 1398 937 nobis
1424 911 1454 938 et
1475 902 1725 937 antecessoribus
1749 902 1879 937 nostris:

1136 965 1269 998 quarum
1292 963 1414 986 summa
1441 959 1488 987 est
1513 958 1669 986 trecentae
1695 958 1726 985 et
1753 959 1881 999 septua-

1136 1003 1218 1046 ginta
1248 1001 1328 1036 duae
1351 1001 1460 1042 librae,
1482 1013 1562 1048 quae
1584 1001 1700 1035 debent
1725 999 1802 1035 solvi
1826 1012 1881 1047 per

1137 1063 1262 1086 manum
1289 1051 1439 1098 praedicti
1471 1051 1699 1098 archiepiscopi
1742 1057 1773 1084 et
1806 1062 1881 1085 suc-

1136 1112 1297 1135 cessorum
1324 1113 1453 1136 suorum
1481 1100 1542 1143 his,
1569 1099 1684 1146 quibus
1705 1100 1881 1145 assignatae

1136 1158 1221 1184 sunt,
1243 1149 1467 1185 Concessimns
1500 1150 1591 1184 etiam
1627 1149 1745 1184 eisdem
1773 1148 1881 1184 Mane-

1138 1199 1219 1234 rium
1238 1198 1277 1234 de
1292 1199 1407 1234 Lovers
1429 1211 1499 1234 cum
1515 1198 1661 1233 omnibus
1676 1198 1881 1245 pertinentiis,

1137 1258 1167 1283 et
1194 1248 1403 1289 libertatibus,
1425 1256 1454 1283 et
1476 1248 1584 1282 liberis
1599 1246 1883 1282 consuetudinibus

1137 1298 1220 1339 suis,
1253 1310 1325 1333 cum
1360 1298 1534 1333 ministerio
1556 1298 1594 1332 (13
1620 1296 1755 1338 Lovers,
1789 1296 1882 1332 salvis

1137 1347 1174 1382 ad
1197 1360 1278 1394 opus
1300 1357 1441 1383 nostrum
1466 1347 1628 1382 venatione
1646 1355 1761 1388 nostra,
1787 1353 1818 1381 et
1831 1345 1883 1381 de-

1138 1397 1310 1432 structione
1334 1397 1482 1432 forestae:
1514 1397 1553 1431 ita
1581 1404 1684 1431 tamen
1711 1395 1798 1444 quod
1820 1407 1893 1431 303

1138 1447 1178 1481 sit
1211 1446 1242 1481 in
1270 1447 1430 1493 reguatdo.
1461 1445 1685 1481 Concessimus
1718 1445 1811 1480 etiam
1838 1444 1883 1480 eis

1138 1504 1234 1531 totam
1258 1497 1403 1532 forestam
1430 1496 1469 1530 de
1496 1495 1672 1530 Aliermont
1698 1507 1770 1530 cum
1797 1493 1882 1535 l'eris,

1138 1554 1168 1581 et
1195 1546 1342 1581 omnibus
1364 1546 1433 1580 aliis
1461 1544 1658 1593 pertinentiis
1679 1552 1709 1579 et
1730 1543 1883 1579 libertati-

1139 1595 1198 1633 bus
1220 1596 1296 1639 suis,
1317 1596 1398 1636 sicut
1419 1607 1486 1629 eam
1514 1594 1693 1629 habuimus.
1720 1593 1805 1628 Haec
1831 1605 1884 1628 au-

1139 1653 1199 1680 tem
1227 1646 1331 1680 omnia
1360 1645 1389 1678 in
1418 1644 1613 1679 escambium
1642 1643 1792 1691 praedicti
1813 1642 1884 1678 Ma-

1139 1695 1216 1729 nerii
1231 1696 1270 1730 de
1284 1694 1411 1737 Arideli,
1424 1706 1495 1729 cum
1509 1693 1675 1740 praedictis
1688 1692 1883 1740 pertinentiis

1139 1744 1221 1785 data,
1241 1744 1401 1779 habebunt
1427 1743 1569 1778 Ecclesia
1595 1742 1825 1789 Rothomageu.
1853 1750 1884 1778 et

1140 1794 1318 1841 praedictus
1352 1793 1608 1840 archiepiscopus
1634 1800 1664 1827 et
1684 1803 1883 1828 successores

1139 1845 1187 1878 sni
1221 1844 1251 1878 111
1288 1850 1472 1890 perpetuum
1495 1854 1566 1877 cum
1588 1841 1736 1877 omnibus
1757 1841 1883 1878 liberta-

1140 1894 1224 1929 tibus
1249 1901 1278 1927 et
1300 1892 1407 1927 liberis
1427 1891 1709 1927 consuetudinibus
1733 1890 1811 1936 suis,
1837 1890 1884 1926 si-

1139 1951 1190 1978 cut
1213 1942 1404 1990 praedictum
1424 1949 1481 1976 est.
1503 1940 1657 1976 Homines
1671 1948 1775 1975 autern
1791 1951 1884 1988 prae·
1910 1945 2009 1981 ¹³‚0m1n02
2043 1952 2079 1967 ³1·

1139 1993 1212 2027 dicti
1235 1990 1464 2039 archiepiscopi
1487 1990 1526 2025 de
1548 1990 1705 2038 praedicto
1726 1989 1883 2025 escambio
1897 1976 2028 2036 {l‘ffilssffssm
2042 1977 2078 2030 „22

1140 2041 1299 2077 habebunt
1317 2052 1428 2075 omnes
1450 2039 1608 2075 libertates
1628 2047 1659 2075 et
1682 2038 1798 2074 liberas
1811 2051 1883 2075 con·
1897 2040 1997 2093 {³¹¹¹l’lff,b
2011 2040 2078 2092 '¹2³¹’ss-

1139 2091 1343 2131 suetudines,
1378 2101 1456 2136 quas
1481 2089 1658 2124 habuerunt
1680 2089 1823 2124 homines
1844 2087 1882 2123 de
1897 2075 2078 2124 ei'Mcon'sJJt-iiis

1140 2140 1254 2176 Arideli
1288 2139 1364 2174 dum
1399 2138 1572 2174 Manerium
1606 2139 1708 2185 ipsum
1737 2145 1818 2173 esset
1850 2137 1881 2172 13
1897 2139 1936 2155 ¹¹³⁸
1966 2140 2017 2162 ‘¹¹¹⁸'
2039 2134 2079 2155 ¹¹⁸·

1140 2203 1235 2225 manu
1263 2190 1364 2236 ipsius
1394 2187 1636 2236 archiepiscopi.
1672 2187 1757 2224 Haec
1789 2194 1881 2222 etiam
1896 2165 1987 2217 23:⁰22*
2002 2165 2078 2217 1111111111

1140 2240 1256 2278 omnia,
1282 2250 1363 2286 quae
1387 2238 1469 2273 idem
1491 2237 1748 2284 archiepiscopus
1770 2236 1801 2271 in
1823 2236 1882 2272 hoc
1897 2225 2079 2279 {¹„ummfflungssssss

1140 2288 1298 2324 escambio
1330 2288 1462 2335 recepit,
1506 2287 1787 2323 vitarantizabimus
1825 2297 1883 2322 nos
1896 2288 2058 2317 “01110211001’1-

1140 2346 1171 2373 et
1190 2337 1340 2373 haeredes
1359 2338 1454 2372 nostri
1470 2337 1633 2372 Ecclesiae
1654 2335 1881 2382 Rothomagen.

1141 2396 1172 2423 et
1201 2387 1362 2435 praedicto
1390 2387 1627 2433 archiepiscopo
1659 2393 1690 2421 et
1720 2396 1883 2421 successo·

1143 2437 1229 2472 ribus
1261 2438 1325 2472 suis
1360 2437 1389 2471 in
1424 2444 1608 2484 perpetuum
1638 2442 1744 2470 contra
1774 2446 1883 2470 omnes

1142 2486 1301 2521 homines:
1331 2487 1369 2520 ita
1396 2485 1481 2533 quod
1503 2486 1528 2520 si
1550 2484 1661 2532 aliquis
1687 2483 1881 2519 escambium

1142 2536 1266 2582 aliquod
1299 2545 1346 2571 est
1368 2543 1549 2582 recepturus
1576 2545 1632 2581 pro
1663 2533 1769 2581 aliquo
1791 2545 1883 2580 prae-

1142 2587 1308 2625 dictorum,
1323 2597 1403 2632 quae
1417 2591 1606 2619 memoratus
1626 2582 1882 2630 archiepiscopus

1142 2635 1192 2669 hic
1215 2636 1341 2681 recepit,
1366 2646 1421 2669 nos
1444 2633 1488 2668 vel
1506 2631 1653 2668 haeredes
1675 2633 1770 2668 nostri
1793 2631 1882 2669 facie-
