2129 3223
57 254 104 282 An.
122 254 141 282 C
170 255 233 282 ¹201

79 2137 197 2164 innocent}¹
204 2136 246 2158 uol-

64 2169 148 2204 ltcitndo
165 2169 191 2190 d·
204 2170 245 2189 im-

64 2205 129 2227 peno.

856 256 1062 280 ltvNOCENTws
1083 256 1119 278 ΙΙΙ
1144 256 1191 278 ΡΙ).
1663 245 1731 277 177
1796 254 1844 280 Αη,
1863 253 1889 279 Ε,
1910 254 1973 279 1-2θὶ

252 319 450 355 monstraret,
472 310 527 346 sed
562 311 629 358 ipsa
665 312 753 358 quasi
794 311 996 346 conformitas

250 373 380 409 operum
414 368 445 396 et
489 368 658 395 eventuum
700 361 737 395 ad
785 373 817 396 se
862 361 994 396 invicem

249 410 384 446 eundem
424 410 566 444 omnium
619 418 776 457 pateretur
823 419 994 451 auctorem,

248 459 437 495 coelestibus
462 459 619 494 Dominus
666 460 822 495 terrestria
869 460 995 495 confor-

248 509 362 544 mavit:
383 517 428 554 ut,
454 509 529 544 dum
552 509 686 544 mirabili
710 509 846 557 quadam
877 509 996 544 simili-

247 558 357 593 tudine
380 558 572 606 respondere
593 558 764 594 viderimus
779 559 839 594 ima
851 560 995 599 summis,

249 620 345 643 unum
381 617 411 643 et
436 608 572 643 eundem
600 608 746 643 factorem
792 618 822 644 et
859 617 994 644 actorem

248 658 391 693 omnium
418 669 654 704 cognoscamus.
677 657 748 705 Ipse
774 659 904 703 etenim,
924 659 996 694 licet

248 707 287 742 sit
309 719 442 754 magnus
461 708 491 742 in
515 707 648 754 magnis,
673 716 706 742 ut
723 708 876 743 mirabilis
891 716 994 743 tamen

249 756 343 791 etiam
371 758 401 792 in
428 756 571 792 minimis
597 766 772 804 appareret,
801 757 881 792 sicut
914 758 996 792 circa

250 805 360 841 mundi
387 806 592 851 creationem,
610 813 640 841 et
660 807 857 842 saeculorum
906 807 995 841 initia

250 855 314 903 duo
339 867 451 903 magna
473 855 637 891 luminaria
656 856 686 890 in
708 856 905 891 firmamento
916 856 996 892 coeli

249 905 424 950 constituit,
446 917 544 940 unum
566 904 650 953 quod
673 905 863 940 illuminaret
901 906 996 950 diem,

250 954 383 989 alterum
401 954 486 1002 quod
527 955 560 989 in
598 954 734 990 tenebris
769 955 913 995 radiaret,
952 956 997 990 sic

251 1015 399 1050 processu
450 1013 626 1052 temporum
669 1005 706 1039 ad
762 1004 995 1039 firmamentum

250 1053 424 1095 Ecclesiae,
445 1065 527 1101 quae
547 1053 636 1089 Coeli
659 1054 787 1089 nomine
802 1054 996 1100 designatur,

250 1101 330 1138 duas
354 1115 484 1150 magnas
509 1103 643 1138 instituit
664 1103 842 1150 dignitates,
864 1104 995 1150 primam

250 1164 330 1200 quae
355 1152 510 1188 illuminat
529 1153 624 1193 diem,
647 1153 678 1188 id
704 1160 764 1198 est,
791 1153 821 1187 in
855 1153 999 1200 spiritua-

251 1201 335 1237 libus
374 1202 553 1250 spirituales
595 1201 759 1243 informet,
797 1210 828 1237 et
878 1203 999 1237 animas

251 1250 404 1287 diabolica
430 1251 540 1287 fraude
561 1251 709 1299 deceptas
743 1264 759 1286 a
797 1260 997 1299 peccatorum

252 1301 372 1346 catenis
392 1300 543 1342 absolvat,
565 1313 638 1337 cum
670 1313 708 1336 ex
741 1301 905 1348 privilegio
938 1301 997 1336 sibi

252 1350 382 1386 traditae
423 1351 586 1398 potestatis
629 1362 709 1398 quos
739 1351 807 1398 ipsa
849 1351 936 1397 ligat,
969 1359 999 1385 et

252 1400 343 1435 solvit
370 1400 402 1434 in
429 1400 532 1444 terris,
553 1399 641 1435 Deus
665 1399 778 1447 ligatos
805 1400 929 1440 habeat,
969 1408 999 1434 et

252 1449 372 1485 solutos
399 1449 430 1485 in
457 1449 564 1491 coetis,
591 1449 719 1484 alteram
753 1461 834 1497 quae
875 1450 907 1484 in
946 1456 999 1484 te-

253 1498 360 1534 nebris
382 1498 492 1540 radiet,
514 1498 591 1534 dum
612 1499 644 1533 in
677 1499 853 1534 haereticos
883 1499 1000 1533 mentis

253 1548 402 1584 caecitate
425 1561 603 1596 percussos,
629 1556 659 1583 et
685 1548 792 1583 hostes
814 1549 886 1583 fidei
914 1548 1000 1583 chri-

253 1598 383 1641 stianae,
404 1610 485 1645 quos
506 1598 660 1633 mundum
687 1598 792 1633 oriens
812 1611 853 1633 ex
871 1598 933 1633 alto
949 1610 1000 1632 re-

253 1648 367 1695 spexit,
407 1647 525 1683 Christi
557 1657 587 1683 et
624 1647 865 1683 christianorum
909 1648 1001 1694 punit

255 1698 415 1739 iniuriam,
436 1706 468 1733 et
488 1697 527 1732 ad
546 1697 713 1732 vindictam
741 1698 975 1732 malefactorum
992 1725 999 1737 ,

255 1746 380 1783 laudem
407 1759 480 1783 vero
507 1747 676 1788 bonorum,
700 1747 868 1782 materialis
906 1747 1000 1793 gladii

254 1804 442 1844 potestatem
470 1806 604 1833 exercet.
630 1796 722 1831 Unde
748 1797 873 1831 sicutin
885 1797 1000 1843 eclypsi

254 1846 348 1882 lunae
374 1846 521 1882 tenebrae
544 1846 680 1893 amplius
707 1845 944 1887 tenebrescunt,
971 1854 1001 1880 et

256 1895 384 1931 maioris
414 1895 558 1942 caliginis
600 1895 774 1931 obscuritas
827 1895 1000 1936 invalescit,

256 1945 301 1979 sic
322 1957 359 1980 ex
388 1945 584 1992 imperatoris
610 1945 735 1980 defectu
774 1944 1000 1980 haereticorum

258 1994 400 2035 vesania,
421 2002 451 2029 et
484 1994 627 2029 violentia
661 2006 853 2041 paganorum
894 2002 1001 2029 contra

258 2043 429 2079 catholicos
454 2051 485 2078 et
507 2043 615 2078 fideles
641 2044 793 2091 perfidius
831 2052 863 2079 et
896 2044 1001 2078 crude-

258 2093 362 2129 delius
393 2092 511 2128 malitia
557 2093 763 2141 multiplicata
796 2101 999 2140 consurgunt.

259 2142 327 2178 Hoc
347 2151 454 2178 autem
475 2142 672 2177 attendentes
692 2142 838 2184 sollicite,
877 2155 912 2177 ac
946 2155 1002 2178 vo-

258 2192 359 2228 lentes
376 2192 468 2227 malis
490 2191 730 2226 imminentibus
755 2192 891 2232 obviare,
920 2193 1001 2227 circa

258 2241 470 2290 provisionem
487 2242 613 2288 imperii
635 2241 758 2276 solliciti
773 2241 902 2286 fuimus,
923 2242 1003 2276 sicut

257 2303 315 2339 per
335 2291 515 2339 frequentes
541 2291 658 2326 litteras
678 2291 813 2326 directas
838 2291 875 2326 ad
909 2291 1002 2338 prin—

258 2341 346 2390 cipes
365 2349 396 2376 et
412 2341 530 2388 legatos
546 2341 746 2375 transmissos
767 2341 804 2375 ad
825 2353 880 2375 eos
900 2341 1002 2375 omni-

259 2390 320 2426 bus
341 2390 498 2426 credimus
524 2391 684 2437 patuisse,
707 2390 737 2424 in
761 2402 824 2437 quo
850 2398 1001 2437 quantum

260 2440 439 2476 celsitudini
462 2449 533 2475 tuae
567 2439 751 2475 duxerimus
787 2439 1002 2484 deferendum,

261 2499 291 2525 et
311 2497 345 2525 tu
366 2490 433 2538 ipse
454 2489 579 2531 novisti,
607 2497 637 2524 et
664 2500 712 2523 res
739 2488 882 2536 perhibet
912 2483 1003 2523 tesii-

1036 311 1182 352 extiterit,
1215 310 1345 357 qualiter
1377 323 1433 358 pro
1470 309 1668 345 defendendo
1713 310 1782 345 eius

1037 360 1168 405 honore,
1190 371 1253 394 non
1280 360 1380 395 solum
1424 360 1534 400 semel,
1568 359 1623 395 sed
1656 367 1688 395 et
1729 371 1782 394 se-

1036 410 1141 445 cundo
1179 417 1307 444 vocatus
1345 410 1522 451 accesserit,
1563 409 1697 457 qualiter
1750 410 1782 443 in

1037 460 1136 507 ipsius
1157 459 1299 494 subsidio
1322 458 1437 494 finierit
1459 460 1526 495 dies
1547 471 1632 501 suos,
1650 458 1784 507 qualiter

1036 521 1111 544 avus
1146 518 1176 544 et
1197 517 1285 556 pater
1311 516 1384 544 tuus
1410 510 1478 544 eius
1505 509 1643 556 vestigiis
1674 509 1783 544 inhae-

1036 567 1141 594 rentes
1180 558 1474 606 praedecessoribus
1525 559 1642 593 nostris
1686 558 1784 594 exhi-

1038 609 1162 644 buerint
1183 621 1217 643 se
1238 608 1379 648 devotos,
1401 609 1535 655 qualiter
1579 608 1672 643 etiam
1709 608 1783 642 An—

1036 658 1158 705 glicana
1186 658 1299 693 domus
1321 670 1357 693 ex
1389 670 1450 705 qua
1484 670 1521 692 ex
1554 665 1638 705 parte
1678 659 1784 692 matris

1037 720 1071 743 es
1092 717 1190 749 ortus,
1212 708 1243 742 in
1266 708 1431 743 devotione
1459 706 1552 742 Sedis
1585 706 1784 754 Apostolicae

1038 757 1101 792 sere
1128 769 1254 805 semper
1282 757 1461 805 perstiterit,
1496 764 1526 792 et
1561 756 1727 803 persistat,
1754 765 1784 791 et

1037 807 1065 842 ei
1087 814 1230 855 tempore
1264 806 1392 853 grandis
1427 805 1657 853 persecutionis
1690 805 1784 840 obse-

1037 857 1148 904 quium
1182 856 1373 904 impenderit
1411 863 1638 903 opportunum.
1680 853 1711 889 ln
1755 864 1784 890 te

1038 906 1132 953 igitur
1152 906 1388 953 progenitorum
1425 913 1551 941 tuorum
1587 904 1783 939 devotionem

1038 956 1192 991 suscitare
1220 956 1356 1003 plenius,
1383 963 1414 989 et
1434 954 1647 990 abundantius
1679 966 1785 989 remu-

1039 1017 1148 1040 nerare
1170 1004 1320 1045 volentes,
1348 1004 1505 1040 credimus
1538 1012 1569 1039 et
1605 1003 1694 1050 quasi
1729 1016 1785 1051 pro

1038 1062 1124 1090 certo
1147 1062 1290 1089 tenemus
1316 1054 1398 1101 quod
1439 1066 1502 1089 non
1540 1053 1642 1088 solum
1679 1053 1710 1087 in
1750 1065 1784 1087 ea

1039 1112 1069 1138 te
1090 1116 1198 1138 verum
1222 1104 1372 1139 ostendes
1395 1103 1560 1138 haeredem
1593 1114 1716 1146 eorum,
1755 1112 1784 1136 et

1039 1153 1213 1199 legitimum
1241 1165 1468 1194 successorem,
1493 1152 1549 1186 sed
1583 1159 1668 1186 tanto
1702 1152 1785 1199 ipsas

1040 1203 1069 1237 in
1097 1203 1156 1238 hoc
1178 1202 1349 1250 praecedes
1369 1202 1517 1250 ampliuS,
1547 1209 1666 1249 quanto
1704 1209 1734 1236 te
1767 1213 1784 1236 a

1041 1252 1130 1287 nobis
1164 1252 1264 1298 magis
1301 1251 1456 1298 intelliges
1494 1251 1693 1286 honoratum.
1732 1249 1785 1284 ln-

1039 1302 1136 1349 spiret
1178 1309 1282 1336 autem
1316 1301 1402 1336 cordi
1442 1309 1495 1335 tuo
1532 1301 1558 1334 is
1595 1301 1650 1348 qui
1690 1299 1783 1335 corda
1811 1309 1860 1330 Eum
1884 1309 1982 1345 ²⁶2⁴?-

1042 1351 1220 1398 principum
1244 1350 1338 1385 habet
1365 1351 1396 1385 in
1425 1362 1521 1385 manu
1560 1362 1628 1394 sua,
1662 1358 1692 1384 et
1729 1342 1980 1396 perffi'ssffl‘ssffiussf

1039 1413 1133 1447 quem
1163 1412 1251 1447 reges
1278 1408 1420 1447 regnant,
1442 1408 1472 1434 et
1502 1399 1663 1447 principes
1696 1398 1785 1433 obti—

1041 1458 1116 1485 nent
1137 1450 1364 1498 principatum,
1401 1457 1433 1484 ut
1466 1448 1611 1484 affectum
1644 1456 1785 1483 nostrum

1042 1511 1155 1546 penses
1176 1500 1301 1547 plenius
1328 1511 1384 1547 per
1410 1498 1554 1534 affectum
1596 1509 1689 1546 quam
1728 1510 1787 1532 no-

1041 1557 1104 1584 stro
1127 1549 1182 1584 tibi
1205 1549 1409 1597 explicemus,
1435 1548 1483 1583 vel
1521 1547 1678 1595 explicare
1714 1559 1787 1594 pos-

1041 1600 1142 1633 simus
1167 1599 1272 1640 affatu,
1294 1607 1323 1633 et
1345 1611 1380 1634 ea
1406 1610 1486 1646 quae
1512 1605 1579 1632 acta
1607 1605 1680 1632 sunt
1710 1597 1787 1631 hac-

1042 1657 1145 1689 tenuS,
1178 1657 1207 1684 et
1225 1657 1372 1696 aguntur,
1393 1657 1423 1683 et
1454 1647 1556 1683 adhuc
1590 1647 1683 1681 dante
1714 1645 1787 1681 Do-

1042 1698 1128 1733 mino
1151 1711 1205 1745 per
1241 1711 1298 1733 nos
1331 1698 1413 1733 circa
1455 1705 1485 1732 te
1519 1704 1651 1743 agentur
1684 1697 1787 1742 impo-

1042 1756 1174 1792 sterum,
1197 1748 1330 1783 fideliter
1354 1749 1384 1782 in
1425 1756 1480 1782 tuo
1513 1746 1608 1781 corde
1641 1758 1786 1793 reponas,

1043 1806 1072 1832 et
1099 1798 1138 1832 ita
1166 1798 1335 1832 memoriae
1363 1796 1613 1837 recommendes,
1654 1805 1685 1830 ut
1729 1807 1786 1829 nec

1042 1846 1217 1882 obliviosus
1253 1847 1348 1881 videri
1393 1846 1505 1890 valeas,
1548 1845 1593 1880 vel
1635 1845 1785 1891 ingratus,

1043 1896 1097 1931 sed
1124 1896 1160 1931 ad
1175 1896 1374 1943 Apostolicae
1390 1895 1482 1931 Sedis
1503 1895 1721 1930 exaltationem
1757 1902 1786 1928 et

1044 1947 1194 1981 honorem
1220 1954 1364 1993 potenter
1391 1944 1545 1985 intendas,
1568 1944 1681 1980 eteius
1696 1943 1786 1990 plene

1044 1995 1291 2031 benevolentiam
1325 2006 1554 2042 recognoscas,
1597 2005 1678 2041 quae
1714 2004 1784 2027 cum

1043 2045 1232 2080 defecissent
1253 2044 1317 2080 fere
1342 2046 1470 2092 penitus
1505 2045 1587 2079 vires
1625 2051 1718 2083 tuae,
1754 2042 1785 2075 iu

1043 2104 1092 2130 tua
1120 2095 1287 2130 dilectione
1309 2094 1418 2141 tepuit,
1446 2103 1554 2129 necte
1586 2091 1722 2127 deseruit
1754 2091 1784 2124 in

1042 2144 1195 2185 adversis,
1222 2143 1276 2179 sed
1311 2143 1429 2179 tamdiu
1462 2143 1535 2177 fovit
1566 2143 1667 2177 donec
1700 2141 1785 2174 iuxta

1043 2203 1129 2229 tuum
1154 2202 1181 2228 te
1204 2193 1395 2228 desiderium
1423 2193 1580 2228 exaltaret.
1608 2190 1673 2226 Nos
1698 2190 1783 2224 enim
1812 2198 1908 2235 Rfsalem
1924 2199 1982 2219 eidi·

1043 2244 1240 2278 serenitatem
1281 2252 1364 2278 tuam
1407 2243 1438 2276 in
1485 2253 1522 2276 eo
1569 2241 1608 2275 de
1653 2238 1784 2274 consilio
1798 2233 1983 2288 {222²ssssssssss

1044 2293 1171 2328 fratrum
1225 2300 1404 2327 nostrorum
1447 2292 1601 2325 honorare
1646 2289 1784 2324 volentes
1798 2291 1872 2343 ¹¹⁸¹f¹P
1883 2297 1982 2344 οἴου-ω

1044 2343 1123 2377 ultra
1145 2342 1230 2389 quod
1256 2342 1286 2376 in
1309 2341 1432 2376 saeculo
1458 2339 1626 2375 saecularis
1641 2339 1786 2386 princeps
1799 2327 1834 2344 ἐς
1846 2327 1892 2350 ⁹⁸⁹⁰
1909 2329 1948 2344 ’ω’

1044 2399 1178 2439 nequeat
1203 2392 1361 2435 honorari,
1387 2390 1568 2425 auctoritate
1595 2388 1651 2424 Dei
1682 2387 1786 2423 omni-

1045 2441 1181 2489 potentis
1203 2440 1295 2475 nobis
1319 2441 1350 2475 in
1373 2440 1461 2475 beato
1486 2437 1579 2473 Petro
1605 2437 1714 2473 collata
1756 2445 1786 2472 te

1046 2503 1148 2537 regem
1171 2490 1355 2537 recipimus,
1377 2497 1407 2524 et
1434 2487 1567 2535 regalem
1587 2488 1641 2524 tibi
1665 2487 1786 2536 praeci-

69 2542 249 2594 ·221h9n128‘131gj
263 2540 402 2574 monium
426 2540 557 2575 veritati.
585 2538 738 2574 Novimus
758 2538 843 2573 enim
871 2538 1004 2585 qualiter
1045 2552 1150 2587 pimus
1174 2539 1213 2574 de
1245 2547 1367 2574 caetero
1405 2538 1608 2573 reverentiam
1645 2547 1675 2573 et
1707 2537 1786 2573 obe-

69 2580 162 2638 apusi'it.
189 2579 250 2624 θηη-
264 2588 387 2624 inclitae
407 2589 633 2624 recordationis
654 2587 821 2622 Lotharius
836 2587 1005 2634 imperator
1045 2589 1192 2624 dientiam
1221 2588 1368 2623 exhiberi:
1409 2587 1650 2635 praemissisque
1684 2587 1787 2622 omni-

69 2639 116 2655 ω’·
264 2649 396 2685 proavus
416 2647 489 2674 tuus
510 2638 669 2673 Ecclesiae
691 2637 851 2672 Romanae
872 2637 1005 2672 devotus
1046 2639 1115 2683 bus,
1142 2650 1221 2686 quae
1247 2638 1286 2673 de
1308 2639 1374 2673 iure
1396 2645 1479 2683 sunt,
1501 2645 1531 2672 et
1559 2637 1786 2673 consuetudine

340 2694 414 2725 Ball.
431 2695 508 2725 Rom.
535 2694 589 2724 Vol.
612 2695 661 2725 III.
829 2693 866 2723 23
