2129 3223
818 250 917 274 thEx
941 248 1153 273 RunmmncM

310 314 339 341 et
358 306 548 341 mulieribus
568 306 669 339 malae
690 310 782 339 notae
802 305 965 341 locentur.

223 406 254 438 V.
278 405 484 439 Confirmatio
512 403 752 447 compositionis
789 403 884 437 initae
920 403 968 435 in-

309 460 357 488 ter
384 453 559 487 monachos
593 452 722 485 Aicnses
748 453 868 485 ordinis
895 452 968 485 Clu-

311 503 469 537 niacensis
484 507 513 535 et
529 501 838 545 archipresbyterum
856 502 894 535 dc
909 501 970 534 Ru-

312 553 406 596 pella,
429 551 481 585 38.

223 601 270 634 vl.
298 600 504 635 Confirmatio
538 598 697 642 dignitatis
732 598 967 642 patriarchalis,

311 650 470 683 bonorum
502 648 647 681 omnium
682 653 712 680 et
745 647 971 682 iurisdictionis

312 710 409 743 super
428 697 621 732 Iadertinum
643 697 969 741 archiepiscopatum,

312 748 471 791 huiusque
514 746 733 788 suffraganeos
781 747 948 790 episcopos
962 773 969 786 ‚

313 798 512 843 patriarchae
533 795 697 835 stadensi,
724 795 776 828 41.

312 847 441 880 Decreta
468 845 626 879 nonnulla
652 855 709 888 pro
741 844 859 887 quiete,
888 845 972 878 bono

311 895 479 939 regimine,
502 905 538 927 ac
558 893 698 936 regulari
719 892 888 936 disciplina
908 904 974 926 mo-

314 945 491 977 nachorum
512 941 860 979 Grandimontensium,
882 941 934 974 4⁹2.

226 993 300 1026 Vlll.
327 991 502 1036 Responsio
527 991 566 1024 ad
591 989 841 1023 consultationes
860 990 897 1022 M.
921 990 974 1022 Ce-

314 1040 518 1074 nomanensis
537 1039 695 1083 episcopi,
721 1038 774 1071 45.

226 1091 276 1125 lx.
305 1090 424 1124 Libello
456 1088 613 1122 citationis
639 1092 712 1120 ante
736 1087 859 1120 obitum
887 1087 973 1120 dele-

314 1139 415 1183 gantis
441 1137 621 1182 proposito,
650 1137 704 1169 lite
725 1141 794 1179 post
816 1136 884 1169 eius
909 1136 974 1169 obi—

314 1192 382 1220 tum
402 1191 587 1225 contestata,
615 1189 717 1228 potest
736 1184 768 1216 in
789 1195 883 1217 causa
904 1196 975 1228 pro-

315 1236 428 1269 cedere
448 1235 622 1277 delegatus.
646 1233 704 1272 Qui
726 1233 819 1265 etiam
841 1233 878 1266 ad
905 1245 975 1277 pro-

315 1284 480 1318 ducendos
505 1288 600 1316 testes
620 1281 764 1315 inducias
785 1282 972 1325 postulavit,

316 1333 441 1366 videtur
468 1330 674 1376 appellationi
693 1330 897 1371 renunciare,
919 1331 972 1364 45.

229 1383 265 1415 X.
288 1381 494 1415 Confirmatio
521 1379 642 1413 ordinis
662 1378 898 1412 Cruciserorum
927 1379 975 1411 in-

317 1431 520 1465 servientium
548 1429 695 1473 hospitali
715 1428 888 1469 Bononiae,
912 1429 975 1472 pri-

318 1480 570 1523 vilegiorumque
586 1479 624 1511 ad
640 1477 782 1510 eiusdem
799 1477 976 1510 libertatem

317 1534 348 1561 et
366 1527 607 1561 indemnitatem
628 1526 804 1566 concessio,
825 1526 878 1559 46.

229 1577 279 1610 xl.
301 1576 391 1616 Quod
411 1576 468 1610 filii
488 1576 521 1608 in
541 1581 669 1620 patrum
689 1574 838 1608 Ecclesiis
858 1575 977 1608 institui

318 1636 384 1659 non
403 1625 551 1665 debeant,
570 1625 624 1657 sed
640 1624 678 1657 ab
695 1623 739 1657 eis
754 1624 904 1663 amoveri,
922 1622 974 1656 48.

230 1675 292 1708 xlt.
328 1674 418 1713 Quod
446 1679 516 1718 post
542 1672 761 1716 interpositam
790 1672 978 1715 appellatio-

319 1733 392 1755 nem
413 1722 492 1754 nihil
517 1722 609 1754 liceat
629 1720 789 1759 innovari,
811 1720 863 1752 48.

449 1809 667 1844 GREGORIUS
688 1810 761 1842 Vlll.

224 848 284 880 Vll.

235 1902 258 1935 Ι.
289 1901 410 1934 Statuta
434 1900 533 1933 literis
552 1899 671 1932 Urbani
690 1898 747 1932 PP.
770 1898 872 1930 tribus
896 1907 982 1929 men-

323 1949 411 1982 sibus
430 1953 501 1982 ante
528 1948 596 1981 eius
615 1947 738 1981 obitum
759 1947 838 1980 datis
863 1945 980 1979 confir-

324 2003 463 2038 mantur,
490 1997 683 2041 plenamque
703 1996 821 2030 habere
848 1995 981 2028 firmita-

324 2053 387 2082 tem
407 2047 602 2087 decernitur,
620 2057 696 2089 pay.
719 2045 772 2079 49.

237 2097 272 2131 ΙΙ.
296 2096 342 2130 Ad
361 2107 471 2130 ornnes
486 2095 600 2129 Christi
616 2095 726 2127 fideles
745 2094 783 2127 de
805 2094 893 2126 clade
915 2093 983 2125 Hie-

324 2144 559 2189 rosolymitana.
595 2142 711 2176 Omnes
744 2142 781 2174 ad
817 2141 983 2185 poeniten-

325 2194 399 2227 tiam
416 2193 571 2237 agendam
592 2192 759 2231 admonet3
782 2190 985 2235 proficiscen-

326 2243 410 2276 tibus
424 2253 497 2276 vero
513 2241 552 2275 ad
571 2241 692 2274 bellum
713 2245 823 2274 contra
842 2239 985 2272 infideles

327 2291 503 2336 plenariam
519 2290 750 2333 indulgentiam
763 2289 918 2325 concedit,
930 2288 982 2321 49.

325 2340 476 2384 Sequitur
503 2339 542 2372 ad
562 2349 674 2372 omnes
697 2337 924 2371 Christifideles
948 2336 985 2369 de

327 2389 446 2423 ieiunio
468 2399 525 2432 per
551 2387 807 2432 quinquennium
835 2385 986 2418 servando

329 2439 367 2472 ad
387 2438 579 2483 placandum
598 2437 710 2477 Deum,
733 2435 785 2469 52.

242 2488 288 2521 lv.
311 2487 523 2531 Appellationi
552 2486 590 2519 de
616 2486 713 2519 rebus
732 2485 865 2518 modicis
889 2485 987 2517 sactae

330 2547 394 2570 non
420 2542 465 2570 est
499 2535 726 2569 deferendum:
762 2535 815 2567 sed
850 2539 883 2566 ut
908 2534 988 2566 infra

332 2585 411 2618 fines
426 2585 559 2625 iudices,
579 2583 634 2627 qui
650 2583 831 2626 suspicione
848 2588 987 2621 careant,

332 2633 442 2676 eligat,
478 2633 642 2677 appellans
679 2637 724 2665 est
758 2631 937 2674 cogendus:
973 2641 990 2662 a

322 2685 388 2716 Bau
413 2686 491 2716 Rom.
514 2686 569 2715 Vol.
586 2685 637 2715 ΙΙΙ.
817 2683 873 2714 106

239 2340 288 2374 lll.

1633 234 1695 267 841

1096 301 1213 345 quibus
1251 301 1274 333 si
1308 300 1379 344 quis
1413 299 1550 343 partium
1584 298 1754 332 crediderit

1096 350 1335 394 appellandum.
1358 349 1395 382 ad
1412 347 1690 392 archiepiscopum
1705 347 1753 380 vel

1098 399 1263 443 primatem
1290 409 1397 431 vocem
1422 396 1643 440 appellationis
1667 395 1754 427 emit-

1098 453 1151 489 tat,
1174 448 1226 482 53.

1251 540 1424 574 CLEMENS
1444 540 1493 573 ΙΙΙ.

1012 637 1033 669 Ι.
1056 636 1236 669 Mandatum
1262 635 1412 678 delegatis
1432 634 1629 678 Apostolicac
1649 634 1753 674 Sedis,

1101 690 1134 717 ut
1153 684 1186 716 in
1207 683 1412 717 Guilielmum
1434 682 1557 715 Scotiae
1574 693 1680 725 rogem
1701 683 1756 716 ad-

1100 734 1255 767 monitum
1282 733 1319 765 dc
1354 743 1430 776 pace
1464 732 1621 765 Ecclesiae
1652 732 1757 765 Sancti

1101 782 1246 821 Andreae,
1265 781 1396 824 eiusque
1412 780 1562 824 episcopo
1583 780 1755 819 reddenda,

1100 831 1159 864 nisi
1180 830 1362 874 resipuerit,
1385 830 1571 862 sententiani
1600 829 1757 862 interdicti

1101 880 1203 912 serant
1222 885 1301 916 etc.,
1321 890 1395 922 pay.
1419 879 1470 911 54.

1014 929 1048 963 lt.
1072 927 1278 961 Confirmatio
1296 928 1453 960 bonorum
1471 932 1498 959 ct
1521 926 1757 970 privilegiorum

1101 977 1139 1010 ab
1160 976 1414 1010 antecessoribus
1434 975 1574 1008 Summis
1598 975 1758 1008 Pontifici-

1100 1026 1160 1059 bus
1186 1025 1385 1059 Cluniacensi
1416 1025 1607 1057 monasterio
1634 1035 1760 1057 conces-

1102 1085 1222 1113 sorum,
1245 1075 1296 1108 55.

1015 1123 1063 1156 Ill.
1087 1123 1288 1163 Pririlegiuui
1310 1133 1497 1155 concessum
1517 1122 1685 1155 Scotorum
1706 1122 1760 1154 Ec-

1103 1172 1216 1204 clesiae
1237 1177 1267 1204 et
1286 1171 1364 1213 regi,
1386 1171 1471 1214 quod
1492 1182 1508 1203 a
1531 1171 1620 1203 nullo
1641 1170 1760 1213 possint

1103 1219 1389 1259 excommunicari,
1417 1219 1475 1251 nisi
1496 1230 1513 1251 a
1533 1219 1628 1262 Papa,
1655 1218 1701 1251 vel
1723 1218 1760 1250 ab

1104 1269 1172 1302 eius
1192 1269 1229 1302 de
1250 1269 1347 1301 latere
1367 1269 1482 1310 legato,
1510 1267 1561 1301 58.

1017 1317 1063 1350 tv.
1086 1318 1175 1350 Sedis
1201 1317 1389 1361 episcopalis
1408 1317 1571 1349 translatio
1600 1327 1616 1348 a
1642 1316 1763 1349 civitate

1105 1366 1223 1399 Wollin
1243 1366 1280 1399 ad
1301 1366 1569 1405 Camminensein,
1591 1377 1627 1398 ac
1650 1365 1762 1399 contir-

1106 1415 1201 1448 matio
1234 1415 1393 1447 bonorum
1427 1415 1570 1447 omnium
1605 1414 1642 1446 ad
1676 1414 1762 1446 illam

1105 1463 1329 1507 spectantium,
1351 1463 1403 1496 59.

1019 1512 1051 1544 Y.
1074 1512 1261 1551 Decretum,
1292 1523 1356 1556 quo
1377 1516 1521 1551 cavetur,
1554 1522 1593 1544 ne
1620 1511 1765 1545 canonici

1107 1562 1271 1605 regulares
1295 1572 1352 1605 per
1376 1561 1493 1605 oppida
1518 1566 1681 1603 vagentur,
1710 1559 1762 1594 60.

1020 1610 1065 1642 Vl.
1094 1610 1311 1650 Confirmatio,
1334 1620 1388 1642 seu
1417 1610 1590 1653 designatio
1610 1609 1766 1642 Ecclesia—

1107 1669 1180 1691 rum
1209 1659 1481 1701 suffraganearum
1516 1657 1768 1700 archiepiscopa—

1110 1713 1159 1740 tus
1179 1706 1370 1745 Bremensis,
1393 1706 1444 1740 60.

1022 1756 1080 1788 vll.
1111 1756 1221 1788 Abbati
1259 1755 1441 1788 monasterii
1466 1755 1646 1794 Cassinen„
1682 1755 1767 1798 quod

1109 1804 1167 1837 sub
1188 1804 1384 1848 protectione
1400 1804 1489 1837 Sedis
1508 1803 1706 1847 Apostolicae
1722 1814 1768 1836 re-

1110 1853 1239 1897 cipitur,
1279 1863 1375 1896 supra
1413 1858 1554 1886 caeteros
1585 1851 1706 1885 ordinis
1738 1857 1767 1884 et

1109 1901 1288 1935 Occidentis
1307 1901 1435 1934 abbates
1459 1901 1621 1941 asseritur,
1643 1900 1695 1934 fit.

1023 1951 1096 1985 VIII.
1111 1950 1316 1984 Confirmatio
1332 1955 1522 1983 statutorum
1540 1949 1578 1982 ab
1594 1949 1720 1982 Urbano
1730 1949 1767 1982 111

1112 2011 1169 2043 pro
1196 1999 1303 2043 quiete
1333 2004 1361 2032 et
1395 1998 1562 2042 disciplina
1595 1999 1768 2031 monacho-

1111 2058 1183 2081 rum
1205 2047 1552 2086 Grandimontensium,
1574 2046 1625 2080 62.

1025 2098 1073 2131 IX.
1110 2096 1311 2130 Canonizatio
1348 2096 1429 2129 beati
1464 2095 1615 2139 Stephani
1650 2095 1770 2128 ordinis

1113 2141 1406 2175 Grandimontensis
1426 2140 1626 2177 institutori&
1649 2139 1701 2172 62.

1026 2187 1060 2220 X.
1084 2186 1245 2219 Bonorum
1262 2185 1461 2219 confirmatio
1482 2190 1511 2217 et
1533 2184 1769 2227 privilegiorum

1113 2231 1275 2264 concessio
1318 2229 1509 2262 monasterio
1565 2228 1768 2268 Sublacensi,

1113 2275 1198 2318 quod
1228 2275 1286 2307 sub
1307 2273 1503 2317 protectione
1530 2272 1618 2305 Sedis
1637 2273 1770 2315 Aposto-

1114 2320 1193 2352 licae
1214 2318 1397 2362 suscipitur,
1419 2318 1470 2351 (53.

1116 2363 1318 2397 Canonizatio
1355 2362 1436 2396 boati
1475 2361 1595 2394 Ottouis
1631 2361 1771 2405 episcopi

1114 2407 1367 2451 Bainbergcnsis,
1390 2407 1441 2439 66.

1030 2454 1090 2487 XII.
1115 2454 1158 2485 Ad
1184 2453 1432 2494 Bambergenses
1451 2452 1488 2484 dc
1514 2450 1622 2483 vadem
1648 2460 1694 2490 re,
1716 2450 1768 2484 67.

1028 2498 1105 2531 ΧΙΙΙ.
1129 2498 1249 2531 Recens
1269 2497 1435 2530 fundatum
1457 2496 1486 2529 S.
1506 2496 1645 2528 Thomae
1662 2495 1700 2528 de
1719 2495 1773 2527 Er-

1117 2542 1265 2574 lesburen
1290 2541 1470 2573 Parthenon
1497 2539 1717 2577 c‹;›1iti1·matur‚
1743 2543 1773 2571 et

1118 2586 1149 2619 in
1183 2586 1271 2619 Sedis
1307 2584 1505 2628 Apostolicae
1543 2583 1771 2627 protectionem

1118 2630 1283 2673 recipitur,
1305 2629 1356 2662 67.

1027 2365 1075 2397 xl.
