2129 3223
115 275 165 302 An.
184 275 212 302 c.
229 275 295 302 tatto
360 265 430 298 638

145 854 262 876 Ειοῑάιιιιῃ,

127 1891 261 1913 luterdlcitur
270 1896 296 1911 ne

114 1927 178 1946 ‘remi
191 1924 298 1945 Camatctu-

114 1956 168 1976 tensi
175 1956 242 1976 ordini
251 1955 298 1976 sub-

114 1988 163 2007 iecti
183 1986 208 2007 ab
223 1991 249 2007 eo
265 1987 297 2007 di-

115 2018 243 2038 urebantur-

136 2586 205 2608 Eidem
227 2587 304 2607 contir-

122 2622 189 2638 maiur
202 2620 307 2637 monaste-

123 2650 175 2668 rium
189 2649 212 2668 de
229 2646 305 2668 [ww-
322 2640 460 2685 vestigiis
500 2640 716 2680 inhaerentes,
758 2640 983 2674 monasterium
1029 2637 1068 2672 de

351 346 387 351 —
422 328 521 358 Eidem
555 327 746 357 confirmatur
778 326 989 356 monasterium
1027 325 1060 354 de

349 371 454 403 Uranoi
471 388 510 394 —
524 370 627 401 Omnia
644 370 821 401 monasteria
842 371 931 410 priori
948 369 1060 400 Camal-

351 416 468 446 dulcnsi
500 415 711 446 subiiciuntur.
742 433 779 438 —
808 415 962 453 Privilegia
988 423 1061 444 non-

350 460 429 491 nulla
449 460 661 490 conceduntur.
683 477 721 482 —
739 459 904 490 Clausulae.

308 536 457 565 Alexander
468 535 608 571 episcopus
627 541 721 564 servus
731 541 871 564 servornm
883 534 939 567 Dei,
952 533 1061 562 dilectis

352 584 418 614 fillis
436 584 524 621 priori
555 584 749 617 Gamatduten„
776 585 886 620 eiusque
924 582 1061 611 fratribus

352 636 410 664 tam
428 634 630 671 praesentibus,
655 641 735 670 quam
769 632 874 661 futuris
906 631 1061 667 regularem

352 685 440 713 vitam
466 682 598 720 professis
624 682 652 710 in
670 683 843 718 perpetuum.
878 681 996 709 satutem
1034 681 1061 709 et

353 733 533 770 apostolicam
551 732 776 761 benedictionem.

359 804 461 839 Officii
484 804 580 839 nostri
611 815 667 838 nos
706 802 853 837 admonet
888 810 917 836 et
952 801 1060 836 invitat

310 854 480 889 auctoritas
501 866 557 901 pro
579 853 791 888 Ecclesiarum
808 860 889 886 statu
909 859 1059 897 satagere,

310 913 341 939 et
363 915 470 939 earum
498 903 596 951 quieti
618 914 654 937 ac
676 901 889 948 tranquillitati
924 899 1058 934 salubri-

310 962 357 988 ter
378 953 548 988 auxiliante
566 951 704 986 Domino
726 950 902 998 providere.
922 949 1060 995 Dignum

309 1015 456 1051 namque,
479 1009 509 1037 et
536 1001 691 1036 honestati
719 1000 909 1034 conveniens
931 1010 1000 1033 esse
1015 998 1061 1032 di-

307 1052 481 1098 gnoscitur,
509 1058 543 1085 ut
570 1051 621 1096 qui
644 1050 682 1084 ad
709 1061 818 1084 earum
842 1049 980 1094 regimen
1001 1047 1059 1082 Do-

308 1102 394 1135 mino
415 1100 604 1148 disponente
625 1099 777 1146 assumpti
799 1111 922 1137 sumus,
949 1109 1001 1132 eas
1030 1105 1059 1131 et

307 1163 322 1184 a
352 1162 517 1196 pravorum
547 1148 712 1183 hominum
748 1147 928 1182 incursibus
973 1154 1061 1181 tuea-

308 1211 389 1239 mur,
413 1208 443 1234 et
481 1199 560 1233 beati
600 1198 685 1233 Petri
723 1206 816 1244 atque
859 1196 1060 1242 Apostolicae

308 1248 399 1283 Sedis
426 1248 599 1296 patrocinio
627 1246 818 1281 muniamus.
844 1246 889 1280 Ea
918 1254 1059 1292 propter,

308 1297 412 1332 dilecti
441 1298 472 1331 in
493 1297 632 1332 Domino
654 1296 724 1340 filii,
751 1295 861 1330 vestris
884 1294 973 1329 iustis
995 1307 1060 1342 po-

308 1346 532 1382 stulationibus
558 1347 729 1381 clementer
755 1344 938 1382 annuimus,
961 1352 991 1378 et
1014 1343 1060 1378 fe-

310 1396 378 1430 licis
399 1396 570 1430 memoriae
599 1394 768 1432 Pasclialis,
796 1393 944 1439 Eugenii,
973 1392 1060 1427 Ana-

310 1444 408 1484 stasii,
430 1444 571 1483 Adriani,
594 1443 775 1485 Alexandri,
801 1441 989 1481 Clementis,
1013 1442 1061 1475 ln-

310 1494 461 1532 nocentii,
497 1492 640 1539 Gregorii
680 1500 711 1527 et
747 1491 923 1525 innocentii
959 1491 1059 1537 quarti

310 1542 589 1590 praedecessorum
614 1550 804 1581 nostrorum,
845 1540 1060 1575 Romanorum

310 1591 512 1635 Pontificum,
540 1591 681 1637 vestigiis
703 1590 913 1631 inhaerentes,
937 1589 1060 1635 praeci-

311 1642 426 1688 pimus,
459 1649 490 1674 et
518 1640 690 1687 praesentis
721 1639 840 1673 decreti
879 1638 1061 1673 auctoritate

310 1690 481 1733 sancimus,
504 1701 542 1724 ne
564 1690 712 1735 cuiquam
740 1689 870 1722 omnino
911 1699 1060 1733 personae

309 1739 435 1783 clerico,
458 1738 626 1779 monacho,
650 1738 728 1772 laico
749 1737 979 1783 cuiuscumque
1003 1748 1062 1770 or·-

310 1787 394 1824 dinis
421 1796 473 1823 aut
507 1787 679 1833 dignitatis,
703 1786 921 1834 praesentibus
943 1793 995 1820 aut
1017 1785 1062 1819 fu-

310 1838 390 1873 turis
433 1837 647 1884 temporibus,
679 1836 767 1871 liceat
802 1835 1063 1881 congregationes

312 1887 403 1928 illas,
440 1895 470 1921 et
507 1886 574 1921 loca
608 1885 682 1926 illa,
717 1897 796 1932 quae
841 1884 1060 1920 Camaldulen.

311 1937 421 1976 eremi,
443 1936 508 1970 sive
529 1935 672 1970 coenobii
696 1934 895 1981 disciplinam
924 1942 953 1968 et
980 1933 1064 1968 ordi-

313 1998 384 2021 nem
406 1992 625 2031 susceperunt,
645 1991 697 2018 aut
723 1992 797 2018 sunt
829 1984 860 2018 in
901 1991 1062 2030 posterum

312 2042 529 2082 suscepturae,
550 2045 695 2081 quaeque
717 2033 810 2068 hodie
833 2031 892 2067 sub
909 2033 992 2066 illius
1015 2044 1063 2066 re-

311 2084 428 2130 gimine
450 2083 661 2124 continentur,
688 2082 727 2116 ab
762 2083 830 2116 eius
867 2081 932 2116 ullo
968 2081 1063 2115 modo

312 2133 509 2168 subiectione
530 2140 560 2167 et
579 2132 695 2166 unitate
723 2130 871 2165 dividere.
895 2130 983 2172 Quae
1024 2130 1065 2163 vi-

312 2183 423 2218 delicet
463 2182 530 2216 loca
564 2190 593 2216 et
633 2180 892 2226 congregationes
933 2191 1065 2214 conser-

314 2232 431 2266 vandae
458 2231 586 2265 unitatis
620 2230 718 2276 gratia
751 2228 965 2275 singularibus
1001 2229 1063 2263 risa

313 2289 387 2315 sunt
409 2279 569 2315 vocabulis
591 2279 778 2314 annotanda:
813 2279 842 2311 in
882 2279 1065 2324 episcopatu

314 2330 433 2364 Aretin.
457 2329 597 2364 Ecclesia
626 2328 769 2362 videlicet
803 2327 909 2361 Sancti
937 2327 1066 2371 Donati,

314 2390 393 2426 quae
415 2387 468 2413 ecc.
492 2379 635 2423 (Reliqua
662 2379 805 2422 leguntur
828 2378 911 2421 infra
940 2379 973 2409 vin
1001 2388 1066 2410 con·

314 2429 466 2461 stitutione
489 2428 608 2466 XLIV,
629 2439 704 2472 paq.
729 2427 797 2461 657
832 2427 952 2460 huiusce
982 2426 1067 2459 Pon-

315 2482 415 2524 tifict's,
442 2481 582 2525 incipien.
605 2479 711 2514 Officii
734 2479 832 2514 nostri
855 2482 920 2521 etc.)

366 2533 413 2568 Ad
437 2534 513 2568 haec
532 2533 631 2568 felicis
651 2532 876 2567 recordationis
897 2531 1066 2566 Alexandri

319 2596 349 2620 et
377 2586 550 2622 Clementis
583 2586 859 2634 praedecessorum
889 2592 1066 2620 nostrorum

906 271 1042 295 nectant
1048 271 1094 293 ΕΜ
1121 270 1284 293 Romam

1102 324 1208 359 Urauo
1225 324 1311 359 robis
1329 332 1359 359 et
1372 324 1539 359 conventui
1555 330 1669 368 vestro,
1683 323 1769 358 salvo
1786 322 1852 358 iure

1103 373 1294 408 Ravennatis
1316 373 1486 413 Ecclesiae,
1518 373 1702 408 auctoritate
1724 380 1851 419 aposto-

1102 423 1162 458 lica
1184 423 1417 458 confirmamus.
1438 423 1524 459 Haec
1542 422 1636 469 igitur
1653 422 1758 457 omnia
1780 433 1851 456 cum

1102 472 1319 514 omnibused
1354 473 1420 518 ipsa
1451 472 1640 507 monasteria
1667 470 1714 506 vel
1749 469 1854 506 eccle-

1102 522 1164 557 sias
1188 521 1418 569 pertinentibus
1445 521 1625 561 sentimus,
1656 528 1687 556 et
1712 522 1853 568 Aposto-

1102 571 1179 606 licae
1195 571 1288 606 Sedis
1310 571 1493 606 auctoritate
1510 570 1672 606 sancimus
1694 577 1852 617 tamquam

1101 633 1217 668 corpus
1249 633 1347 655 unum
1376 620 1436 654 sub
1461 632 1523 654 uno
1549 619 1662 666 capite,
1691 619 1772 654 idest
1793 619 1852 654 sub

1102 670 1204 716 priore
1249 669 1469 704 Cumaldulen.
1513 669 1630 713 eremi,
1657 668 1854 716 temporibus

1103 720 1262 766 perpetuis
1286 730 1480 766 permanere,
1502 727 1532 752 et
1559 718 1644 752 illius
1666 717 1853 765 disciplinae

1102 769 1318 804 observatione
1348 768 1526 814 persistere,
1549 766 1610 801 sub
1642 766 1694 801 illo
1722 766 1851 815 inquam

1103 818 1219 864 priore,
1241 818 1293 865 qui
1321 817 1361 852 ab
1391 816 1493 864 ipsius
1515 815 1769 862 congregationis
1797 815 1852 850 ab-
1900 819 1903 821 ’

1103 867 1236 906 batibus,
1268 866 1425 914 prioribus
1446 875 1475 900 et
1504 866 1642 901 eremitis
1670 865 1852 912 regulariter

1102 916 1195 951 fuerit
1205 917 1334 951 electus.
1349 915 1448 950 Porro
1459 915 1738 961 congregationem
1751 915 1851 961 ipsam

1102 967 1141 1000 ita
1165 965 1225 1000 sub
1247 964 1445 1011 Apostolicae
1467 963 1561 999 Sedis
1582 963 1678 999 tutela
1700 971 1853 1012 perpetuo

1101 1015 1341 1058 confovendam,
1368 1013 1580 1054 decernimus,
1607 1021 1642 1047 ut
1669 1012 1747 1048 nulli
1784 1013 1852 1060 epi-

1101 1076 1270 1112 scoporum
1307 1063 1439 1098 facultas
1473 1063 1512 1097 sit
1537 1062 1704 1106 Ecclesiis,
1729 1074 1810 1110 quae
1836 1075 1852 1096 a

1102 1122 1221 1149 vestrae
1257 1112 1512 1160 congregationis
1544 1112 1692 1147 fratribus
1730 1112 1853 1158 guber-

1101 1171 1227 1203 nantur,
1251 1162 1392 1197 divinum
1406 1162 1542 1196 officium
1572 1161 1777 1202 interdicere,
1804 1160 1851 1195 vel

1101 1212 1239 1259 aliquam
1268 1224 1306 1246 ex
1338 1212 1374 1246 iis
1401 1210 1545 1246 ecclesiis
1561 1222 1618 1245 seu
1641 1210 1853 1254 monasteriis,

1102 1261 1220 1309 absque
1240 1261 1354 1309 prioris
1369 1260 1570 1295 conniventia
1587 1259 1634 1294 vel
1650 1259 1853 1306 Apostolicae

1102 1311 1194 1346 Sedis
1221 1311 1357 1354 licentia,
1375 1310 1661 1345 excommunicare.
1688 1308 1853 1344 Fratribus

1101 1369 1204 1395 antem
1237 1360 1313 1406 ipsis
1342 1359 1466 1394 licentia
1493 1359 1532 1393 sit
1558 1371 1574 1393 a
1601 1371 1664 1405 quo
1686 1358 1852 1393 maluerint
1872 1367 1986 1395 Privitesin
1998 1373 2052 1389 uon-

1102 1409 1255 1444 catholico
1277 1410 1431 1456 episcopo
1453 1409 1726 1443 consecrationum
1749 1416 1779 1443 et
1800 1420 1852 1443 or-
1865 1398 1950 1451 ἓξὲξ,
1969 1404 2051 1420 ‘'¹³⁰“

1102 1459 1300 1493 dinationum
1327 1465 1521 1493 sacramenta
1548 1457 1722 1505 suscipere.
1756 1457 1853 1492 Prae-

1104 1516 1187 1543 terea
1206 1508 1237 1541 in
1257 1508 1418 1542 communi
1441 1506 1576 1542 civitatis
1598 1518 1655 1541 seu
1675 1507 1852 1554 parochiae,

1102 1557 1204 1591 officio
1240 1556 1418 1600 interdicto,
1439 1556 1556 1591 clausis
1583 1556 1696 1600 ianuis,
1729 1564 1759 1591 et
1790 1568 1852 1591 non

1103 1605 1248 1640 admissis
1280 1605 1475 1641 dioecesanis
1495 1604 1711 1640 Ecclesiarum
1733 1613 1854 1640 vestra-

1103 1667 1184 1700 rum,
1208 1655 1353 1690 monachi
1392 1665 1591 1701 nequaquam
1628 1654 1855 1701 prohibeantur

1103 1704 1206 1738 divina
1235 1704 1334 1739 officia
1361 1703 1529 1739 celebrare.
1555 1702 1622 1737 Hoc
1652 1704 1746 1738 etiam
1780 1703 1854 1738 adii-

1103 1754 1234 1796 cientes,
1260 1761 1293 1787 ut
1320 1753 1440 1787 nemini
1473 1752 1601 1787 fratrum
1633 1760 1754 1788 vestrae
1776 1765 1855 1788 con-

1103 1803 1295 1849 gregationis
1345 1810 1414 1849 post
1464 1801 1576 1837 factam
1606 1801 1851 1847 professionem,

1104 1852 1221 1899 absque
1257 1852 1369 1898 prioris
1400 1860 1429 1886 et
1461 1850 1635 1886 rationabili
1662 1851 1791 1886 fratrum
1814 1852 1856 1886 li-

1104 1902 1217 1941 centia‚
1249 1902 1288 1936 sit
1315 1900 1496 1947 egrediendi
1532 1900 1672 1935 facultas.
1707 1900 1740 1936 Si
1780 1913 1855 1936 vero

1105 1950 1189 1985 exire
1217 1950 1479 1997 praesumpserit,
1501 1957 1531 1984 et
1554 1949 1705 1995 secundo,
1727 1950 1855 1985 tertiove

1105 2000 1318 2034 commonitus
1327 2000 1430 2034 redire
1441 1999 1678 2046 contempserit,
1688 2008 1858 2047 quousque·

1105 2060 1244 2095 congrue
1263 2048 1458 2089 satisfecerit,
1477 2049 1580 2095 ipsum
1598 2049 1856 2084 excommunica-

1105 2099 1201 2133 tionis
1222 2098 1396 2133 sententiae
1417 2098 1635 2144 subiugamus.
1654 2098 1856 2146 Quicumque

1107 2159 1177 2182 vero
1213 2159 1267 2193 pro
1295 2147 1448 2194 obsequio
1480 2158 1642 2182 servorum
1675 2146 1734 2182 Dei
1757 2147 1789 2182 in
1814 2159 1855 2182 e·-

1106 2208 1193 2231 remo
1214 2195 1434 2231 Camaldulen.
1463 2196 1646 2243 degentium
1675 2196 1713 2231 ad
1736 2196 1856 2244 aliquas

1107 2254 1211 2293 partes
1238 2246 1432 2291 porrexerint
1460 2254 1521 2281 tam
1552 2245 1583 2279 in
1613 2245 1730 2284 eundo,
1760 2257 1854 2293 quam

1107 2294 1269 2330 redeundo
1305 2307 1321 2329 a
1357 2294 1444 2330 nullo
1477 2294 1603 2342 penitus
1638 2294 1853 2330 molestentur.

1107 2343 1282 2378 Statuimus
1310 2345 1451 2391 insuper,
1488 2351 1521 2378 ut
1554 2343 1693 2378 decimas
1714 2343 1854 2379 laborum

1108 2401 1283 2427 vestrorum
1313 2393 1418 2428 nullus
1457 2405 1471 2428 a
1505 2392 1593 2427 vobis
1630 2393 1773 2438 exigere,
1811 2394 1856 2428 vel

1108 2450 1295 2489 extorquere
1334 2450 1524 2489 praesumat,
1557 2441 1612 2476 sed
1648 2441 1856 2476 distribuendi

1108 2503 1160 2526 eas
1183 2490 1392 2538 hospitalibus
1409 2491 1518 2527 vestris
1532 2491 1561 2525 in
1576 2503 1652 2525 usus
1667 2502 1857 2538 pauperum,

1108 2539 1283 2575 secundum
1319 2541 1476 2587 antiquam
1507 2539 1769 2575 consuetudinem
1798 2553 1858 2575 ve-

1109 2597 1216 2629 stram,
1246 2590 1375 2624 liberam
1399 2588 1537 2624 habeatis
1563 2588 1747 2624 auctoritate
1781 2601 1859 2637 apo-

1110 2638 1219 2673 stolica
1242 2638 1432 2674 facultatem.
1448 2637 1653 2684 indulgemus
1665 2638 1760 2673 etiam
1772 2638 1860 2674 vobis

1867 269 1917 294 An.
1935 267 1965 294 C.
1986 266 2056 295 ¹256

1879 429 1955 451 Omnia
1977 435 2054 451 mona·

1867 461 1932 481 ster-ta
1939 461 2005 488 priori
2015 459 2053 481 Ca-

1867 491 1992 513 :natantem
2005 491 2056 513 suh·

1866 523 1975 544 ficiuntur,

2100 1154 2120 1228 „vn-m
2105 1011 2111 1015 »
2103 895 2120 961 ,ινα
2103 823 2118 879 >mn—2
2108 759 2116 762 ι
2105 700 2122 737 y
2096 598 2118 675 «aaut
2102 551 2120 584 aa:
2104 480 2114 537 ·-
2107 445 2116 451 a
2100 386 2124 415 s-

2105 1232 2119 1238 ι

2088 1287 2120 1378 {²
