2129 3223
952 266 1137 290 nummum
1165 267 1326 290 ιιοΜΑΝυΜ
1925 270 1973 296 An.
1989 269 2017 297 C.
2035 269 2104 297 ttStt

1161 320 1207 355 vel
1235 320 1369 362 clericis,
1392 321 1446 368 qui
1469 330 1542 356 sunt
1564 322 1595 356 in
1617 321 1710 357 dictis
1745 322 1909 363 Ecclesiis,

1160 370 1328 416 episcopus
1351 370 1557 417 promovebit,
1580 382 1643 405 non
1665 379 1769 416 exiget
1789 371 1829 406 ab
1862 373 1909 406 eis

1160 418 1383 460 iuramentum,
1406 419 1464 454 nisi
1483 428 1666 466 promoveat
1677 431 1732 455 eos
1746 420 1785 455 ad
1800 432 1906 455 curant

1158 467 1334 501 animarum
1356 468 1538 513 gerendanu
1568 468 1726 515 privilegia
1747 480 1822 504 sane
1840 481 1907 504 san-

1159 523 1225 550 ctae
1249 515 1409 551 Romanae
1446 516 1606 552 Ecclesiae
1646 517 1836 553 monasterio
1871 519 1905 552 S.

1157 564 1277 604 Quin-ici
1301 565 1419 600 indulta
1446 567 1616 612 episcopus
1640 566 1836 601 conservabit
1870 567 1906 601 il-

1157 611 1262 653 libata,
1291 613 1331 648 ita
1355 622 1458 648 tamen
1483 623 1512 648 ut
1543 615 1677 661 praefata
1710 615 1772 649 sint
1807 616 1906 662 privi-

1156 659 1236 706 legia
1255 662 1351 706 salva,
1375 662 1485 697 etiam
1523 663 1605 698 dicta
1641 664 1840 707 monasteria,
1875 672 1902 698 et

1155 710 1258 744 onmia
1279 711 1358 746 infra
1386 712 1452 757 ipsa
1475 712 1662 747 monasteria
1701 712 1902 748 consistentia

1154 758 1216 793 sint
1236 759 1266 793 in
1290 759 1497 807 dispositione
1519 759 1651 801 abbatis,
1673 768 1704 795 et
1729 761 1813 795 salva
1841 762 1903 796 siut

1154 818 1189 841 ea
1216 819 1295 853 quae
1322 809 1351 843 in
1388 808 1446 844 hac
1480 809 1650 844 concordia
1684 809 1900 844 continentur.

1153 855 1315 891 Monachis
1342 865 1372 892 et
1399 857 1523 892 clericis
1544 857 1576 892 S.
1601 857 1728 893 loannis
1750 857 1781 893 in
1803 857 1902 894 Casa-

1152 905 1247 941 nello.
1275 906 1300 939 si
1323 918 1403 952 quos
1424 906 1593 953 episcopus
1618 907 1677 942 sibi
1698 907 1801 942 iurare
1817 907 1900 947 fecit,

429 259 470 288 18

376 325 471 358 libere
512 333 538 357 et
580 322 722 356 absolute
769 320 1052 367 compromiserunt
1103 333 1120 355 c

375 374 522 407 librarum
547 370 741 418 provendere
764 381 895 417 poenam
911 369 970 404 sibi
986 369 1119 404 invicem

372 422 573 469 stipulatione
592 419 786 466 interposita,
800 418 986 465 promittens
1004 420 1061 461 (l),
1092 418 1118 452 si

371 483 418 514 ea,
445 481 524 517 quae
540 480 598 504 uos
612 469 693 503 inter
719 480 774 503 eos
788 475 1009 507 statueremus,
1022 467 1119 502 abbas

371 530 448 564 ipse,
482 518 528 552 vel
560 525 734 554 conventus
772 524 803 552 et
838 524 1033 564 procurator,
1070 515 1116 550 vel

368 568 537 614 episcopus
575 575 636 602 rata
680 577 806 613 semper
848 577 909 599 non
954 565 1115 599 haberent.

368 617 431 650 Nos
457 624 575 657 autem,
603 615 710 650 habito
743 615 881 650 virorum
909 613 1114 660 prudentium

366 664 510 709 ‹·:›nsiti0,
533 677 589 712 pro
606 665 690 699 bono
711 664 796 711 pacis
823 663 862 698 de
889 675 1020 697 assensu
1044 662 1116 697 utri-

367 723 465 760 usque
487 714 584 761 partis
605 714 785 757 statuimus,
804 720 838 746 ut
856 712 1038 758 episcopus,
1067 710 1113 746 vel

363 763 431 797 eius
452 763 597 803 nuncius,
620 762 716 797 semel
732 762 762 796 in
778 772 859 796 anno
879 761 909 795 in
929 761 978 795 his
990 760 1114 796 duabus

180 811 515 854 ¹⁹-»·.n÷=111··‘·‹fft·,1-Ecclesiis
543 813 573 846 in
598 811 630 846 S.
655 811 783 845 Ioannis
802 810 832 844 in
862 809 978 850 insula,
1012 818 1041 845 et
1077 809 1110 844 S.

165 847 349 896 {21:1331032‘52'0'31
363 860 477 895 Mariae
506 861 543 895 de
578 860 728 895 Ronzano
761 871 833 894 cum
870 867 911 893 tot
947 859 1111 905 equituris,

204 914 219 926 i*
262 907 347 932 protici-

179 275 226 300 An.
250 273 277 300 C.
294 274 359 300 1¹8ss

164 943 232 957 wenti
248 941 346 957 <lentulum

164 970 227 988 vertis
252 975 270 987 111
295 968 313 987 lu

163 1003 182 1017 nt
209 998 337 1023 teuit-nribus

162 1603 301 1622 tutamentum
314 1606 335 1622 ti-

153 1635 243 1653 imlimtis
253 1636 272 1652 et
282 1634 334 1652 sibe-

154 1665 244 1684 uti->ntiae
266 1664 333 1684 eidem

152 1702 162 1714 ,i
171 1695 255 1714 elerii-is
266 1694 334 1714 ecole-

152 1731 228 1744 siurum
244 1727 332 1744 monast.

152 1756 298 1781 praestandum

161 2231 218 2254 Quae
232 2230 279 2249 dut..
289 2230 331 2251 [ue-

149 2263 189 2278 11111
202 2260 269 2280 abbati
286 2267 330 2282 mo-

149 2292 237 2310 nasterii
253 2291 265 2309 S
283 2292 332 2318 Qui-

148 2326 185 2340 rtet

363 918 388 941 ot
414 910 519 949 sociis,
541 922 614 944 cum
637 918 712 955 quot
733 907 810 942 alias
848 907 1008 942 Ecclesias
1041 908 1110 955 epi-

317 969 346 987 cis
361 966 508 1004 scopatus
530 959 643 998 visitat,
658 956 848 1002 suscipiatur
871 957 1054 1000 honorifice,
1080 964 1110 991 et

362 1016 556 1051 procuretur,
586 1015 618 1041 ut
645 1007 675 1040 in
717 1004 818 1039 reditu
854 1017 911 1039 suo
942 1004 981 1039 de
1015 1005 1109 1040 rebus

360 1054 520 1091 Ecclesiae
546 1054 721 1090 secundum
744 1054 827 1100 quod
850 1054 1027 1094 consuevit,
1050 1054 1108 1089 ho-

358 1112 496 1138 noretur.
522 1104 555 1137 lu
579 1103 719 1139 Ecclesia
748 1102 781 1137 S.
805 1102 932 1136 Ioannis
954 1102 993 1137 de
1015 1101 1108 1137 Casa-

357 1152 440 1185 nello
462 1152 559 1187 semel
582 1152 612 1186 in
627 1164 710 1187 anno
730 1151 808 1197 ipse,
826 1151 870 1185 vel
886 1151 955 1186 eius
970 1152 1107 1186 nuncius

354 1199 528 1235 honorifice
555 1201 748 1248 suscipiatur
773 1208 804 1234 et
824 1208 1023 1246 procuretur:
1053 1212 1106 1235 ca-

355 1248 470 1295 pellani
499 1257 603 1284 autem
627 1249 854 1296 praedictarum
878 1248 1104 1290 Ecclesiarum,

353 1298 470 1332 seilicet
492 1298 526 1332 S.
549 1298 675 1333 loannis
697 1298 727 1332 in
750 1297 867 1338 Insula,
882 1305 913 1332 et
939 1296 973 1331 S.
990 1297 1105 1333 Mariae

353 1346 391 1379 ‹le
414 1346 579 1391 Ronzano,
605 1355 636 1382 et
658 1346 769 1392 reliqui
792 1346 909 1389 clerici,
943 1347 996 1392 qui
1030 1354 1104 1381 sunt

353 1397 382 1428 iu
407 1396 484 1441 ipsis
511 1395 650 1442 capellis,
673 1395 793 1430 dabunt
819 1394 971 1441 episcopo
993 1396 1102 1431 cathe-

352 1444 519 1488 draticum,
546 1452 577 1479 et
594 1456 674 1490 qnos
695 1445 864 1490 episcopus
884 1445 1103 1479 excommuni-

350 1493 464 1526 caverit
491 1492 530 1527 de
553 1493 752 1540 parochianis
765 1492 832 1526 suis
851 1491 897 1526 vel
919 1492 958 1526 de
980 1492 1101 1528 clericis

351 1540 551 1576 manentibus
574 1542 603 1575 in
626 1541 764 1588 capellis,
789 1540 827 1574 ad
842 1541 1099 1577 communionem

351 1590 409 1635 ipsi
439 1601 501 1624 non
524 1590 699 1625 admittent.
729 1589 843 1624 Clerici
884 1600 990 1625 curam
1026 1591 1100 1625 ani-

350 1650 470 1672 marum
499 1646 657 1684 gerentes,
684 1646 713 1673 et
737 1638 834 1672 vocati
870 1638 907 1672 ad
943 1639 1098 1686 synodum

351 1688 486 1728 venient,
520 1695 549 1722 et
588 1699 668 1734 quos
707 1688 877 1733 episcopus
912 1687 949 1721 ad
991 1700 1097 1723 curam

348 1736 522 1770 animarum
543 1736 751 1782 promovebit,
779 1735 958 1770 fidelitatem
990 1737 1031 1779 ei,
1069 1744 1099 1770 et

348 1784 509 1819 Ecclesiae
530 1785 672 1819 Pennen.
702 1787 760 1819 iur.
789 1784 916 1820 habent.
953 1785 1000 1820 De
1039 1797 1097 1819 ca—

349 1833 428 1878 pella
452 1845 524 1868 vero
546 1833 580 1867 S.
602 1833 730 1868 Ioannis
757 1833 787 1867 in
807 1832 984 1873 Casanello,
1018 1846 1098 1880 quae

348 1891 393 1915 nst
421 1883 452 1916 in
475 1882 662 1925 Atroveteri,
686 1881 797 1916 habeat
818 1882 986 1928 episcopus
1008 1894 1099 1927 quar-

349 1939 409 1964 tsvm
428 1930 621 1964 decimarum
649 1938 679 1964 et
701 1931 955 1970 mortuariorum,
984 1938 1015 1965 et
1045 1930 1097 1965 ille

347 1980 399 2023 qui
428 1979 468 2012 ibi
496 1980 577 2025 gerit
607 1990 714 2013 curam
755 1979 944 2022 animarum,
984 1979 1095 2013 iurabit

348 2027 526 2062 u-tetitatem
550 2026 692 2061 Pennen.
717 2027 866 2073 episcopo
888 2035 919 2062 et
935 2027 1093 2062 Pennensi

347 2075 517 2115 thelesiae,
544 2075 640 2109 abbas
661 2087 734 2110 vero
758 2075 883 2109 habebit
906 2076 999 2122 pleno
1027 2077 1095 2110 iure

347 2124 576 2158 institutionem
623 2131 651 2158 et
694 2123 929 2158 destitutionem
976 2125 1004 2157 in
1047 2125 1094 2158 his

345 2174 486 2218 quinque
509 2172 670 2213 Ecclesiis,
692 2171 812 2206 scilicet
840 2172 870 2206 in
894 2172 926 2206 S.
969 2172 1094 2206 loannis

345 2223 382 2255 de
409 2220 527 2261 Insula,
553 2221 588 2255 S.
611 2220 725 2255 Mariae
754 2220 791 2255 ad
831 2220 1027 2260 Ronzannm,
1057 2220 1091 2254 S.

345 2269 471 2304 loannis
498 2271 527 2303 in
555 2268 732 2308 Casanello,
760 2269 794 2303 S.
819 2268 936 2304 Nicolai
965 2270 995 2303 in
1015 2268 1093 2303 Gal-

346 2318 438 2358 hano,
461 2318 494 2352 S.
519 2317 687 2352 Salvatoris
709 2317 746 2352 ad
776 2317 910 2358 Fanum,
933 2326 961 2352 et
993 2318 1091 2352 inter-

345 2366 477 2407 dictum,
504 2366 588 2413 quod
617 2366 684 2413 ipse
707 2366 847 2414 posuerit
873 2366 905 2400 in
921 2366 981 2400 iam
999 2366 1093 2401 dictis

346 2414 504 2455 Ecclesiis,
534 2422 563 2449 et
585 2426 665 2461 quos
699 2414 1019 2450 excommunicaverit
1053 2415 1092 2449 de

345 2464 506 2496 monacbis
533 2462 579 2496 vel
595 2463 717 2498 clericis
737 2463 938 2497 manentibus
956 2463 986 2497 in
1001 2475 1092 2509 prae-

343 2511 435 2544 dictis
456 2510 607 2546 Ecclesiis
641 2513 809 2558 episcopus
846 2524 909 2546 non
940 2511 1089 2546 absolvet.

343 2557 377 2591 Si
404 2569 484 2604 quos
505 2560 543 2593 au*
566 2572 672 2595 sacros
694 2560 819 2595 ordines
850 2560 889 2595 de
929 2560 1093 2595 monachis

378 2614 416 2648 (¹)
435 2615 584 2647 Lege-ndum
601 2618 709 2643 torsit-au
725 2619 922 2648 promittentes.
939 2617 975 2650 (a.
998 2617 1037 2651 T.)

1151 953 1302 998 absolvet,
1326 962 1449 1001 praeter
1471 954 1571 996 illum,
1598 956 1653 1002 qni
1682 964 1766 991 tenet
1796 965 1827 990 et
1854 964 1900 992 te-

1151 1001 1238 1036 nebit
1259 1003 1411 1050 capellani
1440 1004 1633 1044 Atriveteris,
1656 1004 1708 1051 qui
1742 1005 1899 1040 tenebitur

1149 1050 1188 1084 ad
1225 1051 1434 1087 iuramentum
1473 1052 1639 1088 fidelitatis.
1676 1051 1791 1088 Clerici
1826 1065 1898 1088 vero

1148 1109 1293 1144 gerentes
1316 1113 1422 1136 curam
1445 1102 1620 1136 animarum
1643 1102 1674 1136 in
1697 1101 1816 1149 capella
1834 1102 1898 1137 Ec-

1147 1147 1260 1183 clesiae
1278 1149 1311 1184 S.
1341 1149 1464 1184 loannis
1487 1151 1516 1184 in
1533 1149 1699 1185 Casanello
1725 1150 1896 1197 suscipiant

1147 1196 1248 1242 ipsam
1276 1209 1382 1233 curam
1411 1199 1449 1233 de
1473 1211 1565 1234 manu
1589 1199 1740 1246 episcopi,
1762 1207 1794 1234 et
1809 1207 1896 1235 tene—

1148 1244 1265 1280 buntur
1288 1247 1464 1282 iuramento
1487 1248 1638 1295 episcopo
1672 1256 1702 1282 et
1736 1247 1894 1283 Pennensi

1145 1292 1316 1330 Ecclesiae.
1341 1295 1388 1331 De
1401 1295 1530 1343 reliquis
1546 1308 1618 1331 vero
1637 1295 1730 1331 dictis
1746 1295 1896 1332 Ecclesiis

1144 1342 1169 1375 si
1184 1354 1264 1388 quos
1276 1344 1335 1378 sihi
1353 1344 1454 1379 iurare
1470 1344 1588 1386 fecerit,
1601 1344 1757 1386 absolvet,
1773 1353 1896 1392 praeter

1145 1390 1216 1425 illos
1238 1393 1289 1439 qui
1314 1393 1343 1427 iu
1369 1393 1446 1439 ipsis
1467 1393 1619 1428 Ecclesiis
1646 1405 1754 1428 curam
1781 1402 1893 1440 gerunt

1144 1439 1333 1475 animarum.
1374 1442 1537 1477 Praeterea
1559 1443 1730 1490 episcopus
1752 1442 1783 1477 in
1813 1444 1894 1478 visi-

1144 1488 1262 1524 tatione
1285 1489 1462 1536 parochiae,
1487 1491 1564 1537 ipse,
1593 1490 1640 1525 vel
1666 1491 1736 1526 eius
1758 1492 1894 1527 nuncius

1144 1537 1312 1583 recipietur
1344 1546 1374 1573 et
1409 1538 1582 1574 honorifice
1623 1539 1818 1574 tractabitur.
1856 1539 1890 1574 In

1140 1584 1282 1620 Ecclesia
1305 1586 1339 1621 S.
1362 1586 1533 1622 Salvatoris
1559 1588 1597 1622 ad
1624 1587 1760 1633 Fanum⁷
1792 1597 1821 1624 et
1856 1588 1889 1624 S.

1141 1633 1261 1669 Nicolai
1287 1636 1314 1669 in
1338 1635 1481 1670 Galbano
1507 1647 1679 1672 consuetus
1712 1648 1827 1672 census
1861 1639 1890 1672 ei

1141 1682 1274 1717 (labitur.
1306 1684 1353 1719 De
1388 1685 1529 1719 Ecclesia
1558 1684 1591 1720 S.
1632 1685 1814 1730 Salvatoris,
1851 1686 1890 1721 de

1140 1743 1201 1778 qua
1223 1732 1392 1767 destitutus
1414 1734 1525 1776 fuerat,
1551 1741 1581 1768 et
1616 1745 1730 1769 omnes
1769 1734 1887 1777 clerici,

1139 1781 1192 1826 qui
1215 1789 1287 1814 sunt
1311 1782 1340 1815 in
1354 1781 1514 1821 Ecclesiis,
1535 1781 1696 1829 inquibus
1710 1782 1888 1829 baptismus

1139 1829 1325 1873 celebratur,
1348 1839 1376 1864 et
1401 1831 1562 1877 inquibus
1584 1842 1658 1865 cura
1680 1831 1798 1876 geritur
1823 1832 1887 1865 ani·

1140 1889 1260 1911 marum
1291 1886 1351 1912 tam
1377 1879 1406 1912 iu
1430 1879 1557 1925 capellis
1591 1879 1741 1913 omnibus
1771 1879 1804 1913 S.
1836 1880 1886 1914 lo-

1138 1926 1229 1959 annis
1260 1927 1290 1960 in
1318 1926 1497 1971 Casanetlo,
1530 1939 1623 1974 quam
1663 1927 1694 1962 in
1737 1928 1886 1962 omnibus

1137 1973 1206 2008 aliis
1246 1974 1409 2016 Ecclesiis,
1444 1976 1510 2009 sive
1545 1976 1607 2010 siut
1644 1975 1794 2023 capellae,
1822 1977 1886 2011 sive

1137 2034 1212 2060 non.
1237 2023 1266 2057 in
1294 2023 1409 2069 quibus
1431 2024 1550 2069 geritur
1584 2036 1656 2059 cura
1695 2025 1884 2066 animarum,

1136 2071 1309 2117 suscipiant
1337 2084 1404 2106 eam
1427 2084 1534 2106 curam
1562 2072 1601 2107 de
1628 2084 1721 2107 mann
1744 2074 1883 2120 episcopi

1135 2127 1163 2152 et
1182 2120 1310 2154 reddant
1326 2122 1352 2154 ei
1367 2120 1625 2163 cathedraticum,
1641 2130 1671 2156 et
1694 2124 1884 2156 tenebuntur

1136 2168 1161 2201 ei
1187 2168 1362 2203 iuramento
1384 2168 1550 2203 fidelitatis.
1584 2169 1631 2204 De
1667 2181 1776 2216 quarta
1812 2182 1883 2205 vero

1135 2215 1328 2251 decimarum
1373 2225 1400 2251 ct
1450 2219 1692 2253 mortuariorum
1740 2220 1881 2254 omnium

1135 2264 1363 2310 praedictarum
1380 2265 1606 2311 Ecclesiarum,
1622 2275 1750 2314 excepta
1765 2269 1881 2315 capella

1134 2312 1172 2347 de
1194 2312 1283 2357 Atro,
1313 2314 1510 2349 medietatem
1548 2316 1672 2350 habebit
1699 2317 1882 2363 episcopus,

1133 2370 1164 2395 et
1187 2361 1384 2397 medietatem
1408 2363 1536 2398 alteram
1569 2364 1676 2399 abbas.
1718 2364 1882 2400 Corrcctio

1134 2411 1257 2444 veroin
1291 2411 1505 2457 spiritualibus
1540 2412 1706 2459 pertinebit
1740 2415 1778 2448 ad
1812 2416 1881 2461 cpi-

1132 2469 1278 2504 scopum,
1321 2460 1349 2493 in
1384 2460 1610 2507 temporalibus
1649 2461 1686 2495 ad
1722 2462 1877 2497 abbatem.

1132 2506 1294 2541 Manifesta
1316 2519 1391 2543 sane
1417 2509 1548 2544 crimina
1566 2510 1708 2544 omnium
1727 2510 1879 2546 laicorum

1132 2555 1394 2602 parochianorum
1422 2557 1650 2603 praedictarum
1663 2558 1879 2595 Ecclesiarum

1132 2604 1306 2639 referentur
1327 2607 1364 2640 aci
1388 2607 1584 2653 episcopum.
1608 2606 1648 2641 Ut
1669 2619 1772 2643 autem
1801 2609 1880 2644 haec

1923 1304 2024 1327 caeterae
2041 1312 2093 1327 sen-

1910 1338 1990 1357 tentiae
2012 1340 2083 1363 partes

1911 2181 1940 2202 Do
1956 2185 2029 2209 quartu
2043 2183 2081 2202 de*

1898 2213 1997 2233 cimai-um
2035 2217 2081 2233 me-

1897 2243 1966 2263 dietas
1979 2243 2080 2269 episcopo

1897 2275 1918 2292 et
1941 2271 2010 2294 ahtau
2034 2278 2080 2294 me-

1896 2302 1964 2325 diotn
1977 2302 2066 2326 abitur.
