2129 3223
28 254 78 294 Αιὶ.
95 266 123 293 c.
142 266 207 293 ¹497

43 673 72 693 Αιι
97 671 210 698 appellatio

29 707 99 724 teneat
109 704 126 724 ιὶ
138 704 157 723 in
167 702 211 729 plu-

29 734 85 756 ribus
116 733 210 755 articulis

30 767 56 786 m
70 765 209 792 appellatum.

29 798 50 817 in
65 801 150 823 quorum
169 801 210 816 uno

29 825 141 851 contigerit
172 832 210 852 ap-

30 855 163 883 pellationem
173 861 211 876 ve-

48 1558 74 1577 ue
89 1558 157 1577 iudice
166 1562 212 1576 sue-

808 264 1022 288 confflsrmus
1044 264 1080 286 ιιι
1105 265 1151 286 pv.
1633 254 1696 286 411
1766 264 1813 289 An.
1833 263 1860 289 C
1880 264 1942 289 11⁹7

223 321 260 354 sit
281 319 428 358 conditio,
451 327 479 352 et
508 330 572 352 uno
598 317 775 365 eodemque
804 320 870 353 iure
886 319 966 353 circa

223 368 439 416 appellationis
480 367 654 402 remedium
689 367 800 402 debeat
835 376 967 414 uterque

222 418 358 456 censeri,
397 418 477 451 sicut
518 416 675 451 desiderat
712 425 812 456 actor,
851 427 881 451 ut
908 417 966 451 sibi

223 468 305 502 iuxta
334 466 524 501 mandatoris
558 467 742 513 rescriptum
775 467 888 500 institia
917 468 968 500 litt

223 515 431 570 appellatione
453 523 586 550 remota:
610 516 720 550 codem
742 516 834 550 niodo
858 528 967 549 recon-

222 565 358 600 venienti
382 565 472 599 debet
503 566 532 599 in
555 578 610 600 sna
633 566 746 599 iustitia
768 565 965 611 responden.

271 614 418 649 Secundo
441 615 591 662 requiris,
622 626 694 648 cuni
724 615 867 670 pluribus
893 615 968 648 arti-

223 664 330 699 culis
325 676 353 698 ιιι
378 676 437 698 una
465 664 687 698 commissione
711 665 832 711 positis,
857 664 885 697 in
907 676 969 697 uno

226 720 343 748 tantum
370 713 523 759 contingit
549 714 790 760 appellationum
821 725 969 760 expresse

224 764 336 803 vetari·
364 771 464 797 utrum
492 764 659 810 appellatio
683 771 797 803 teneat,
824 776 847 796 si
876 775 970 809 sup4r

224 812 292 847 aliis
313 813 353 846 sit
373 812 588 860 appellatum?
614 826 642 846 tn
666 825 729 858 quo
757 813 810 846 tibi
834 824 968 859 respon-

225 861 347 903 demus,
370 861 452 909 quod
469 874 539 895 cnm
557 861 730 896 secundum
755 861 879 896 beatum
895 860 972 896 Gre-

224 911 365 957 gorium>
392 910 483 946 verba
510 911 674 945 intentioni
709 911 901 955 deserviant,
940 920 970 946 et

225 961 302 996 haec
333 961 372 996 sit
393 969 497 995 nostra
525 960 666 999 intentio,
700 967 733 994 ut
763 960 801 995 de
823 960 971 996 omnibus

224 1009 380 1050 articulis,
419 1010 523 1058 quiin
550 1010 771 1044 commissione
799 1019 970 1057 ponuntur,

224 1059 340 1094 iustitia
374 1068 465 1094 suum
498 1067 710 1106 consequatur
748 1059 912 1099 effectum3
940 1060 970 1094 in

223 1108 373 1144 omnibus
393 1109 561 1156 appellatio
583 1109 766 1155 intelligitur
794 1108 969 1143 interdicta.

224 1157 307 1192 Nihil
328 1159 411 1193 enirn
435 1159 562 1194 interest
589 1167 692 1194 utrum
716 1157 894 1193 inhibeatur
913 1159 972 1205 pri-

225 1219 294 1250 mo,
319 1219 358 1242 an
383 1207 535 1253 secundo,
562 1220 600 1243 an
628 1207 749 1248 medio,
771 1219 808 1242 an
839 1208 868 1242 in
898 1208 971 1251 line,

224 1269 311 1302 cum,
332 1257 413 1292 sicut
435 1258 599 1304 utriusque
622 1257 699 1292 iuris
720 1264 903 1303 argumenta
921 1257 973 1291 ‹lo-

225 1314 307 1351 cent,
332 1318 367 1341 ea
396 1318 480 1354 quae
510 1308 540 1341 in
569 1307 725 1354 principio
751 1306 788 1341 ad
818 1306 971 1349 medium,

225 1364 255 1390 et
277 1355 315 1390 ad
343 1356 449 1396 finem,
477 1355 528 1391 illa
552 1368 625 1390 vero
651 1367 731 1403 quae
754 1357 784 1390 in
808 1355 911 1390 medio
933 1355 971 1389 ad

226 1405 338 1445 tinem,
377 1413 471 1452 atque
510 1405 698 1452 principium
735 1417 827 1452 saepe
865 1404 970 1439 referri

227 1454 396 1501 contingat.

273 1502 381 1538 Tertio
403 1504 541 1551 postulas
578 1503 724 1545 edoceri
759 1516 831 1538 cum
860 1504 973 1551 aliquis

228 1553 364 1588 iudicem
390 1561 539 1608 tanquam
562 1561 743 1599 suspectum
767 1561 907 1594 recusat;
934 1565 971 1588 an

227 1614 352 1637 causam
387 1603 579 1649 suspicionis
610 1602 723 1637 debeat
754 1602 906 1649 allegare
944 1611 974 1637 et

227 1664 308 1697 eam,
330 1652 388 1686 nisi
410 1651 573 1687 manifesta
595 1652 645 1696 sit,
672 1664 777 1687 coram
800 1629 932 1687 eodeni
925 1665 974 1686 ιιι-

228 1701 297 1736 dice
327 1700 457 1748 probare
492 1709 644 1736 teneatur.
671 1701 783 1736 Utrum
809 1702 900 1736 etiam
926 1702 974 1735 iu-

228 1751 288 1786 dex
309 1751 407 1798 possit
436 1751 466 1785 in
489 1751 600 1786 eodem
637 1751 752 1785 iudicio
790 1759 819 1785 et
848 1753 974 1797 negotio

230 1799 418 1848 procedere,
445 1801 470 1834 si
499 1801 550 1835 ille
578 1801 632 1847 qui
654 1801 868 1847 suspicionem
892 1801 973 1835 obii-

229 1849 287 1891 cit,
314 1861 439 1885 causam
461 1849 528 1884 eius
550 1857 685 1884 autnon
716 1850 803 1889 velit,
839 1849 884 1883 vel
913 1862 973 1885 non

230 1899 330 1946 possit
351 1899 380 1932 in
405 1900 471 1934 iure
494 1899 636 1946 probare.
659 1899 888 1935 Consultationi
906 1909 975 1935 tuae

230 1948 331 1982 taliter
356 1948 604 1994 respondemus,
643 1950 726 1995 quod
758 1961 828 1984 curn
863 1950 976 1997 aliquis

231 1998 376 2052 proponit
410 1997 545 2032 iudicem
573 2009 606 2032 se
640 1998 754 2033 habere
780 2007 974 2044 suspectum,

233 2046 423 2094 suspicionis
443 2058 567 2081 causam
590 2059 692 2082 coram
715 2047 826 2083 eodem
841 2048 975 2095 allegare

230 2103 372 2131 tenetur:
399 2095 455 2131 sed
484 2105 602 2143 partes,
631 2104 663 2131 ut
698 2097 727 2131 in
754 2098 877 2146 aliquos
912 2111 974 2133 non

231 2145 321 2180 valde
347 2152 485 2180 remotos
510 2146 712 2191 conveniant⁷
748 2159 802 2194 per
838 2148 974 2183 eundem

233 2193 368 2230 iudicem
403 2194 520 2229 debent
550 2195 639 2250 cogi:
675 2207 780 2231 coram
807 2197 923 2244 quibus
949 2198 974 2232 si

231 2256 324 2279 causa
355 2243 544 2291 suspicionis
578 2245 656 2279 intra
692 2247 860 2281 terminum
888 2259 976 2281 com-

233 2301 388 2340 petentem
405 2293 532 2341 probata
551 2305 613 2328 non
634 2293 738 2334 fuerit,
758 2303 823 2331 tum
847 2296 975 2331 demum

232 2343 415 2378 auctoritate
437 2355 492 2378 sua
519 2342 612 2378 iudex
635 2351 746 2379 utetur.
774 2345 865 2387 Quod
881 2346 906 2380 si
930 2359 979 2381 co-

234 2404 298 2427 iam
325 2392 402 2440 ipsis
425 2405 517 2428 causa
545 2393 738 2447 suspicionis
760 2394 887 2442 probata
910 2395 977 2430 fue-

235 2441 288 2476 rit:
323 2453 435 2477 causae
461 2442 632 2489 cognitioni
654 2444 859 2489 sup‹rse4lere
887 2453 977 2479 tene-

236 2491 318 2525 liitur
337 2499 514 2527 recusatus:
539 2492 605 2547 ipsa
621 2504 762 2546 namque
782 2494 858 2528 ratio
871 2494 977 2536 dictat,

235 2540 308 2586 quia
328 2541 462 2588 suspecti
484 2549 514 2576 et
541 2541 657 2576 inimici
681 2541 800 2577 iudices
818 2555 887 2578 esse
914 2556 976 2579 ιιοιι

236 2588 362 2624 debent

287 2637 449 2674 Praeterea
482 2647 591 2687 quarto
629 2639 698 2674 loco
733 2641 874 2687 quaestio
909 2641 977 2677 talis

1006 319 1148 361 arcessit,
1173 317 1255 364 quod
1273 318 1424 363 quaedum
1444 319 1518 353 cella
1538 318 1631 352 eximi
1655 318 1752 352 voluit
1778 323 1830 350 Qun*
1847 325 1871 344 de
1894 331 1903 341 Δ·
1908 324 1946 343 ²¹1

1006 379 1021 401 a
1048 366 1253 407 subiectione,
1283 379 1342 413 qua
1370 369 1488 402 matrici
1515 367 1623 402 domui
1657 356 1947 406 tene-2⁰⁰Zflif..s..slf,'„2

1008 417 1110 458 bitur,
1145 424 1170 449 el
1192 418 1287 460 rusia.
1319 415 1442 450 bran-s
1473 417 1555 451 illius
1588 417 1684 451 cellae
1719 429 1752 450 s4
1766 424 1807 437 ‘¹¹¹
1858 419 1889 437 ⁰¹¹¹
1886 422 1907 436 ¹¹

1007 466 1192 499 confitentes
1220 466 1249 499 in
1280 466 1347 498 iure
1375 466 1416 499 illi
1453 467 1559 500 4lornui
1593 467 1751 514 quondam

1009 515 1103 549 luisse
1131 515 1303 553 subiectos,
1329 515 1502 549 rel'ereliant
1525 516 1752 550 subiectionem

1008 565 1082 599 olim
1115 565 1154 599 de
1179 565 1234 598 liae
1260 564 1456 599 subiectione
1484 565 1578 600 fuisse
1622 573 1753 609 motam,

1008 622 1037 648 et
1061 615 1270 649 transactione
1286 614 1418 660 sopitam
1437 622 1576 655 eatenus,
1601 623 1633 648 ut
1647 626 1756 662 quem-

1009 663 1078 697 dam
1115 675 1253 698 annuum
1287 675 1416 697 censum
1447 664 1601 698 Ecclesiae
1635 664 1753 698 matrici

1010 713 1177 747 reddentes
1199 722 1301 747 essent
1325 726 1339 747 a
1363 714 1562 747 subiectione
1579 713 1756 760 principalis

1009 762 1121 797 domus
1135 764 1282 809 exempti.
1303 762 1470 796 Caeterum
1487 762 1657 797 exadverso
1673 764 1757 809 prior

1011 813 1135 846 maioris
1174 812 1287 846 domus
1329 812 1392 846 dno
1434 813 1549 859 pariter
1584 812 1755 858 allegabat;

1012 874 1108 895 unum
1131 862 1250 896 scilicet
1271 861 1353 908 quod
1382 873 1417 895 ex
1445 874 1509 908 quo
1531 861 1664 896 confessi
1689 861 1757 896 fue-

1012 919 1077 945 rant
1104 923 1136 945 se
1163 910 1282 945 dudum
1312 910 1352 945 illi
1386 911 1492 945 domui
1521 911 1617 946 fuisse
1651 910 1757 945 subie-

1010 969 1094 1002 ctos,
1135 968 1165 993 et
1204 973 1264 994 non
1303 969 1373 994 ante
1410 963 1650 995 transactionem
1690 972 1758 994 esse

1010 1018 1186 1056 exemptOS,
1213 1010 1377 1044 constabat
1403 1022 1457 1044 eos
1484 1010 1580 1044 fuisse
1616 1010 1758 1052 rebelles,

1011 1071 1048 1094 eo
1072 1060 1138 1105 ipso
1164 1060 1248 1106 quod
1276 1068 1348 1093 ante
1376 1060 1616 1094 transactionem
1651 1067 1679 1092 et
1711 1071 1758 1093 ex-

1012 1109 1188 1154 ceptionem
1211 1121 1244 1142 se
1266 1108 1541 1152 commendabant,
1565 1109 1609 1143 vel
1632 1118 1758 1143 conten-

1011 1157 1126 1192 debant
1145 1158 1183 1192 ab
1199 1158 1337 1192 eiusdem
1362 1158 1579 1193 iurisdictione
1600 1171 1670 1192 esse
1684 1158 1759 1192 sub—

1013 1215 1144 1247 tractos,
1182 1219 1239 1242 nec
1275 1208 1442 1242 transactio
1473 1208 1671 1254 subsequens
1704 1220 1759 1242 eos

1014 1265 1132 1303 poterat
1171 1269 1187 1291 a
1230 1266 1313 1291 tanto
1351 1257 1481 1291 crimine
1530 1257 1760 1292 inobedientiae

1013 1306 1160 1340 relaxare.
1190 1306 1279 1340 Prior
1305 1314 1536 1354 consequenter
1563 1319 1620 1354 pro
1649 1306 1758 1341 maiori

1013 1355 1153 1389 Ecclesia
1190 1355 1394 1403 proponebat,
1421 1356 1504 1403 quod
1536 1355 1575 1391 de
1608 1356 1758 1402 spirituali

1012 1405 1209 1439 subiectione
1233 1406 1404 1451 transigere
1432 1417 1494 1440 non
1517 1404 1633 1440 liceret.

1062 1453 1305 1501 Respondemus
1321 1455 1424 1501 igitur,
1447 1454 1529 1501 quod
1546 1467 1583 1489 ex
1604 1454 1759 1502 prae4lic:a
1806 1462 1922 1501 murno-u

1014 1503 1141 1538 lratrurn
1165 1504 1374 1541 confessione
1402 1513 1509 1539 contra
1531 1517 1586 1539 eos
1605 1505 1760 1539 sententia
1815 1499 1908 1520 ‘³⁸¹‘'³²'*“

1014 1552 1185 1599 procedere
1211 1554 1342 1595 debeat,
1384 1554 1564 1600 praesertim
1603 1566 1674 1588 curn
1711 1553 1760 1588 illa

1013 1603 1193 1643 transactio
1209 1603 1279 1637 licet
1309 1603 1399 1637 nobis
1421 1603 1460 1637 de
1487 1603 1551 1644 illo,
1578 1604 1660 1650 quod
1685 1603 1760 1637 cell4

1013 1652 1221 1687 determinate
1249 1653 1380 1687 reddere
1403 1653 1587 1693 tenebatur,
1619 1661 1761 1687 constare

1015 1703 1199 1756 nequiteiit,
1227 1703 1423 1749 iniquitatem
1451 1702 1655 1737 simoniacam
1683 1714 1762 1736 con-

1015 1752 1146 1786 tinuisse
1166 1760 1301 1799 putetur.

1062 1800 1182 1842 Quinto
1197 1802 1265 1837 loco
1283 1801 1442 1849 supplicas
1461 1801 1634 1844 informari,
1658 1808 1759 1835 utrum
1775 1804 1916 1856 Mgssfflffidffl
1899 1804 1955 1824 11‘02

1014 1861 1084 1884 cum
1106 1850 1205 1885 tribus
1231 1863 1322 1886 causa
1355 1850 1582 1890 committitur,
1610 1850 1650 1885 ita
1677 1850 1759 1905 quod

1014 1899 1039 1933 si
1062 1911 1173 1935 omnes
1201 1901 1351 1935 interesse
1380 1900 1590 1948 nequiverint,
1617 1899 1679 1934 duo
1710 1900 1761 1933 ni-

1016 1947 1188 1984 hilominus
1227 1962 1294 1985 eam
1330 1958 1541 1997 exequantur:
1582 1950 1607 1984 si
1647 1961 1719 1983 reus
1745 1961 1760 1982 a

1015 1997 1140 2032 duobus
1162 2007 1282 2034 tanturn
1315 1998 1407 2034 fuerit
1433 2007 1633 2037 convocatus,
1657 1998 1762 2032 venire

1016 2049 1191 2083 necessario
1214 2058 1367 2084 teneatur.
1395 2049 1437 2084 Et
1463 2050 1487 2084 si
1511 2050 1622 2084 citatus
1652 2060 1668 2082 a
1692 2048 1762 2094 plu-

1017 2096 1100 2132 ribus
1130 2110 1234 2133 coram
1269 2098 1392 2133 duobus
1418 2098 1643 2146 comparuerit,
1671 2098 1762 2132 tertio

1016 2159 1073 2181 nec
1101 2148 1244 2183 veniente
1266 2161 1321 2196 per
1352 2160 1397 2192 se⁷
1428 2148 1475 2183 vel
1504 2160 1557 2194 per
1587 2148 1701 2187 literas
1730 2153 1760 2179 ut

1017 2195 1081 2230 fieri
1110 2196 1200 2238 solet,
1227 2206 1397 2233 excusante
1423 2210 1462 2232 an
1491 2197 1554 2232 duo
1583 2203 1761 2244 praesentes

1017 2245 1047 2280 in
1069 2258 1162 2281 causa
1190 2248 1309 2293 possint
1331 2247 1511 2294 procedere,
1537 2256 1568 2281 et
1589 2257 1657 2280 eam
1682 2257 1762 2279 sen—

1018 2296 1132 2331 tentiae
1153 2296 1274 2331 calculo
1308 2296 1500 2331 terminare?
1530 2296 1564 2331 ln
1598 2295 1656 2330 hoc
1688 2306 1760 2328 casu

1018 2344 1118 2380 taliter
1151 2345 1389 2393 respondemus,
1427 2346 1510 2392 quod
1546 2357 1618 2380 cum
1652 2344 1762 2391 aliquis

1017 2394 1230 2440 delegatorum
1271 2395 1411 2430 iudicum
1445 2407 1499 2442 per
1530 2403 1649 2430 certum
1678 2406 1761 2428 nun-

1017 2445 1111 2487 cium,
1138 2444 1185 2478 vel
1220 2453 1435 2479 excusatorem
1468 2444 1636 2479 literatorie
1661 2443 1762 2479 desti—

1019 2501 1126 2527 natum
1155 2505 1217 2528 non
1253 2494 1426 2529 ostenderit
1451 2506 1484 2528 se
1511 2495 1664 2529 interesse
1698 2505 1760 2528 non

1019 2554 1123 2588 posse,
1150 2542 1198 2578 vel
1219 2543 1294 2578 alias
1315 2544 1353 2579 de
1374 2543 1486 2578 eodem
1508 2545 1657 2580 canonice
1678 2556 1761 2580 con-

1018 2599 1099 2626 stare
1121 2604 1183 2627 non
1213 2592 1342 2640 poterit:
1379 2593 1493 2628 residui
1528 2594 1697 2641 procedere
1723 2594 1760 2629 ad

1018 2653 1130 2676 causae
1152 2642 1363 2688 cognitionem
1386 2655 1449 2678 non
1471 2643 1597 2679 debent.
1624 2644 1718 2687 Quod
1735 2657 1760 2679 si
