2129 3223
61 299 238 329 An.C.12ss

852 295 1019 318 tNNnOENTt
1028 297 1060 317 s<
1085 298 1117 318 ttt
1144 297 1189 318 ΡΙ).

255 366 398 400 scopum,
421 352 466 388 vel
491 365 545 399 per
560 351 681 386 baiulos
703 350 872 385 Fundanae
896 352 1003 386 Eccle-

254 403 328 438 siae..
351 402 426 437 Item
442 401 586 436 homines
604 400 763 436 Ecclesiae
782 400 887 435 Sancti
905 400 999 435 Marci

254 452 428 487 habitantes
448 451 476 485 in
498 451 636 495 Festina,
659 458 688 484 et
710 450 759 485 alii
788 450 922 485 demanii
952 451 999 484 ho-

253 502 352 537 mines
374 501 549 535 habitantes
574 501 603 534 in
630 500 758 535 castello
773 499 955 539 Monticelli,
971 509 1000 534 et

251 551 282 585 in
298 550 428 586 rastello
450 550 554 594 Ennii,
576 558 604 583 et
624 550 715 584 etiam
740 549 1000 584 hominesEccle-

250 600 367 636 siarum
395 599 529 635 civitatis
548 599 717 634 Fundanae
734 599 953 646 praestabunt,
969 607 996 633 et

249 649 363 685 facient
385 649 476 684 nobis
500 649 554 683 tria
577 649 713 690 servitia,
738 648 879 683 videlicet
905 660 996 682 unam

248 712 374 747 operam
391 699 428 733 ad
443 699 679 739 seminandum,
696 699 786 732 aliam
805 697 842 733 ad
863 698 997 736 vineam,

247 759 277 785 et
303 750 425 784 tertiam
448 748 486 784 ad
514 749 713 791 metendum,
744 760 799 795 pro
829 760 892 782 uno
916 759 997 795 quo-

246 811 308 847 que
331 799 516 837 tenimento,
539 798 577 832 de
600 811 662 846 quo
685 798 750 845 ipse
772 798 941 845 episcopus
967 806 997 831 et

247 849 368 896 priores
395 847 605 882 Ecclesiarum
647 859 702 895 per
742 859 996 894 unamquamque

245 899 452 946 septimanam
479 898 638 932 servitium
669 910 765 931 unum
793 897 908 932 babere
933 897 996 931 de-

246 947 330 983 hent.
354 949 380 982 Α
403 948 556 982 demaniis
588 959 659 982 vero
682 947 863 982 hominibus
895 946 995 993 ipsius

244 998 398 1045 episcopi,
417 997 471 1044 qui
489 996 629 1031 habitant
645 997 673 1031 in
691 998 814 1033 civitate
830 996 994 1037 Fundana,

244 1047 292 1082 vet
319 1046 457 1082 castellis
487 1046 637 1081 baronum
666 1057 858 1091 nostrorum,
881 1045 995 1080 babere

243 1097 320 1132 nihil
348 1097 511 1140 debemus,
535 1097 593 1131 nisi
623 1099 706 1144 quod
734 1097 880 1145 superius
902 1107 995 1130 exce-

243 1154 386 1194 ptuatum
415 1155 478 1186 est,
507 1146 650 1181 videlicet
679 1150 747 1182 150
782 1155 906 1181 tarenos
937 1157 995 1192 pro

243 1208 350 1232 sorore
388 1196 435 1230 vel
470 1195 530 1229 filia
578 1198 770 1232 maritandis.
812 1196 929 1231 Verum
967 1197 991 1229 si

243 1245 392 1292 praedicti
432 1245 576 1280 homines
611 1246 755 1282 Fundani
793 1246 994 1292 episcopatus

243 1307 306 1330 non
329 1302 471 1331 tenentes
492 1307 507 1329 a
532 1296 623 1331 nobis
647 1305 730 1331 extra
758 1296 913 1331 civitatem
937 1294 994 1328 ha-

243 1344 352 1385 bitant,
383 1345 429 1379 vel
459 1346 602 1387 castella,
632 1355 684 1381 aut
713 1345 910 1388 habitabunt,
927 1344 992 1380 ‚nisi

242 1394 350 1430 fraude
379 1395 454 1429 nibil
483 1395 522 1429 ab
549 1396 594 1429 eis
628 1397 810 1443 exigemus,
837 1395 884 1429 vel
912 1394 991 1439 exigi

242 1443 407 1478 faciemus:
442 1445 586 1479 volumus
603 1446 708 1489 etiam7
726 1454 756 1481 et
774 1443 992 1488 concedimus

242 1501 275 1527 ut
296 1493 322 1528 si
350 1494 420 1541 quis
442 1493 481 1528 de
504 1494 598 1528 rebus
627 1495 693 1529 suis
716 1493 933 1529 immobilibus
961 1493 991 1527 in

240 1543 436 1578 testamentis
467 1543 513 1578 vel
537 1544 750 1579 oblationibus
776 1550 993 1591 competenter

240 1591 352 1627 offerre
383 1593 527 1633 voluerit,
555 1605 616 1628 non
652 1594 904 1641 prohibebimus,
935 1604 992 1627 nec

241 1642 453 1687 permittimus
468 1643 506 1678 ab
525 1643 629 1690 aliquo
650 1643 821 1691 prohiberi.
843 1643 918 1678 Item
937 1655 992 1677 vo-

240 1691 357 1733 lumus,
384 1700 415 1726 et
441 1692 660 1735 concedimus,
689 1702 724 1728 ut
750 1706 821 1729 cum
846 1692 992 1728 homines

241 1742 338 1777 nostri
360 1753 433 1777 cum
456 1742 640 1777 bominibus
655 1743 865 1778 Ecclesiarum
891 1743 993 1777 matri-

240 1791 344 1826 monia
384 1792 569 1827 contrahere
612 1793 781 1833 volueriut,
819 1793 908 1827 liceat
947 1793 991 1826 eis

240 1840 415 1875 secundum
449 1842 712 1876 consuetudinem
740 1842 873 1877 civitatis
901 1841 992 1876 Fun-

240 1888 340 1924 danae
360 1890 434 1925 dare
468 1891 507 1927 de
534 1891 750 1926 immobilibus
776 1892 841 1926 suis
872 1891 991 1938 absque

239 1939 325 1973 omni
345 1940 603 1985 contradictione,
626 1949 655 1975 et
677 1942 701 1975 si
729 1941 857 1988 quando
885 1941 990 1975 bomi-

240 1999 297 2022 nes
331 1990 427 2024 nostri
467 1990 505 2024 de
542 1989 635 2024 rebus
669 1990 735 2024 suis
774 1990 990 2026 immobilibus

239 2035 365 2072 clericis
381 2046 412 2074 et
427 2039 608 2074 bominibus
620 2039 830 2075 Ecclesiarum
846 2040 989 2081 vendere

240 2085 305 2121 sive
332 2087 499 2134 pignorare
522 2088 688 2133 voluerint,
716 2101 773 2124 nos
796 2102 857 2125 non
882 2090 990 2136 probi-

239 2135 394 2177 bebimus
423 2150 481 2173 nec
508 2137 546 2172 ab
573 2138 678 2185 aliquo
706 2139 861 2184 prohiberi
894 2139 990 2175 sacie-

240 2197 323 2221 mus.
351 2186 428 2222 Item
463 2187 618 2243 volumus,
647 2197 677 2222 ut
710 2187 853 2224 li-›mines
883 2189 988 2224 Sancti

239 2234 302 2270 Viti
329 2236 418 2272 liberi
447 2245 478 2272 et
500 2237 656 2271 immunes
683 2237 743 2271 sint
775 2248 924 2286 perpetuo
951 2239 989 2273 ab

240 2285 325 2320 omni
347 2286 486 2331 servitio,
501 2295 529 2321 et
552 2298 604 2320 eos
622 2286 778 2322 immunes
795 2287 833 2322 ab
853 2289 989 2323 exactio-

241 2334 336 2370 nibus
360 2347 428 2370 esse
455 2336 614 2380 volumus,
641 2345 671 2370 et
704 2348 758 2371 eos
791 2337 820 2371 in
850 2350 924 2383 pace
959 2346 987 2372 et

241 2384 358 2440 quiete,
381 2385 462 2420 sicut
485 2397 623 2440 unquam
643 2384 755 2420 melius
777 2385 917 2430 fuerunt,
940 2387 989 2421 di-

242 2433 407 2475 mittimus,
425 2443 456 2469 et
477 2435 502 2469 si
527 2436 604 2469 sorte
625 2434 696 2469 villa
718 2434 824 2469 Sancti
852 2435 912 2471 Viti
939 2438 989 2471 in-

242 2493 336 2518 cursu
365 2484 520 2528 hostium,
542 2496 598 2519 seu
627 2484 876 2529 conturbatione,
903 2487 986 2532 quod

242 2530 333 2576 absit,
347 2532 447 2568 deleta
464 2533 573 2576 fuerit,
589 2533 885 2568 re‘edilicationem
880 2536 986 2582 ipsius,
993 2574 995 2577 v

242 2592 312 2622 nos,
330 2594 387 2616 nec
412 2584 508 2618 nostri
527 2562 677 2618 haeredes
695 2582 911 2629 probibemus,
930 2597 987 2620 nec

242 2630 398 2676 prohiberi
414 2631 452 2667 ab
468 2632 572 2680 aliquo
586 2632 821 2678 permittemus;
842 2633 986 2669 homines

242 2680 382 2715 eiusdem
398 2681 499 2726 villae,
514 2682 565 2728 qui
581 2682 623 2716 ibi
636 2682 841 2720 habitant,vel
857 2682 895 2717 de
909 2695 986 2718 cae—

1669 289 1740 322 255

1045 360 1110 385 lero
1135 351 1330 391 habitabunt,
1357 353 1460 399 sylvis,
1482 354 1616 399 pascuis,
1639 354 1730 400 aquis
1753 354 1790 388 li-

1043 400 1115 435 bcre
1154 409 1183 435 et
1216 401 1334 448 absque
1367 402 1615 438 contradictione
1658 403 1791 439 alicuius

1041 457 1180 485 utantur.
1204 450 1419 485 Conccdinius
1441 452 1545 495 etiam,
1568 461 1602 487 ut
1629 460 1728 488 terrae
1753 453 1791 488 de

1041 499 1119 534 Casa
1161 500 1257 545 Nova,
1293 513 1373 547 quae
1398 502 1599 537 continentur
1630 502 1659 536 in
1694 515 1789 549 prae-

1041 558 1132 595 cepto
1173 550 1280 584 Sancti
1317 550 1397 592 Viti,
1437 564 1514 597 quas
1551 563 1605 597 per
1639 552 1790 588 ecclesias

1040 598 1146 634 Sancti
1173 599 1232 633 Viti
1262 607 1366 634 tenent
1391 601 1535 635 homines
1552 601 1734 642 Monticelli,
1751 602 1788 637 ad

1040 649 1192 683 decimam
1216 658 1245 683 et
1270 650 1441 690 servitium,
1470 651 1593 697 quoties
1619 651 1687 685 sine
1708 651 1789 686 hae—

1040 698 1167 733 redibus
1193 698 1410 738 discesserint,
1428 699 1523 734 libere
1552 701 1580 734 in
1608 700 1788 736 demanium

1040 748 1137 795 ipsius
1165 748 1324 784 Ecclesiae
1355 749 1559 790 reducantur,
1591 758 1621 784 et
1652 751 1675 784 si
1709 763 1788 798 quai·

1038 810 1073 831 ex
1097 798 1141 832 cis
1165 798 1214 832 tali
1235 798 1329 833 modo
1358 799 1509 833 alienatae
1533 799 1578 833 vel
1598 799 1788 835 substractas²

1039 847 1164 889 suerint,
1201 848 1360 883 Ecclesiae
1395 849 1616 889 restitueinus;
1651 849 1789 884 decimas

1039 909 1174 944 namque
1192 898 1323 933 civitatis
1342 897 1524 938 Fundanae,
1543 907 1572 933 et
1589 898 1787 934 castellorum

1037 946 1075 980 de
1097 947 1244 982 demanio
1267 955 1376 982 nostro
1396 959 1452 982 nos
1470 947 1624 983 Ecclesiis
1643 947 1787 984 Fundani

1037 997 1249 1043 episcopatus,
1268 997 1384 1044 quibus
1404 997 1534 1032 reddere
1554 999 1787 1038 consuevimus,

1036 1047 1103 1080 siue
1132 1047 1272 1081 molestia
1305 1047 1466 1082 annuatim
1499 1047 1731 1093 persolvemus,
1760 1057 1789 1082 et

1037 1095 1181 1139 barones,
1209 1104 1239 1130 et
1265 1105 1404 1131 caeteros
1426 1097 1571 1132 homines
1586 1105 1709 1133 nostros
1731 1098 1788 1132 de-

1036 1145 1134 1179 cimas
1151 1146 1234 1192 ipsas
1251 1145 1400 1181 Ecclesiis
1415 1154 1444 1180 et
1461 1146 1585 1181 clericis
1600 1146 1789 1193 persolvere,

1036 1195 1117 1228 sicut
1152 1195 1337 1242 expedierit,
1367 1208 1525 1242 cogemus.
1560 1195 1713 1232 Homines
1751 1196 1789 1231 de

1037 1253 1116 1278 terra
1135 1253 1252 1285 nostra,
1277 1246 1321 1279 vel
1345 1245 1472 1280 aliunde
1501 1245 1638 1281 volentes
1658 1246 1696 1281 ad
1721 1258 1789 1280 mo-

1037 1293 1162 1328 lendina
1178 1294 1350 1329 Fundanae
1365 1294 1537 1336 Ecclesiae,
1559 1303 1613 1330 aut
1634 1294 1789 1331 Ecclesia-

1036 1356 1103 1377 rum
1127 1343 1195 1378 eius
1223 1356 1313 1379 causa
1338 1344 1475 1379 molendi
1499 1345 1617 1386 venire,
1638 1357 1699 1380 non
1715 1357 1789 1392 pro-

1036 1392 1191 1434 bibemus,
1220 1406 1278 1428 nec
1309 1394 1467 1440 prohiberi
1496 1393 1662 1449 faciemus,
1687 1407 1744 1429 nec
1771 1407 1787 1430 a

1035 1442 1287 1484 molendinariis,
1312 1444 1534 1499 undecumque
1566 1443 1644 1485 sint,
1671 1444 1787 1491 aliquid

1034 1491 1208 1537 exig-emus,
1236 1505 1294 1527 nec
1321 1506 1375 1527 eos
1403 1493 1432 1528 in
1456 1493 1542 1528 curia
1566 1501 1669 1528 nostra
1692 1505 1787 1540 coge=

1035 1553 1115 1586 inus,
1143 1554 1201 1577 nec
1233 1543 1300 1589 cogi
1335 1542 1497 1587 faciemus,
1527 1555 1582 1590 pro
1615 1543 1674 1587 his,
1707 1555 1787 1590 quae

1033 1599 1176 1637 spectant
1204 1591 1241 1626 ad
1271 1592 1462 1627 molendina.
1489 1571 1611 1627 Omnes
1641 1592 1787 1628 homines

1034 1640 1173 1676 volentes
1199 1649 1295 1676 terras
1317 1650 1346 1676 et
1371 1642 1477 1677 vineas
1498 1641 1644 1677 Fundani
1668 1641 1787 1690 episco-

1035 1698 1135 1736 patus,
1158 1691 1204 1724 vel
1227 1691 1440 1726 Ecclesiarum
1468 1692 1549 1731 eius,
1572 1700 1623 1726 aut
1654 1692 1787 1727 clerico-

1035 1752 1101 1774 rum
1130 1752 1238 1774 eorum
1254 1740 1406 1783 laborare,
1430 1753 1486 1776 nos
1508 1754 1570 1776 non
1595 1740 1785 1789 prohibebi-

1034 1802 1114 1844 nius3
1143 1802 1201 1824 nec
1236 1790 1386 1825 faciemus
1415 1791 1583 1838 prohiberi.
1613 1790 1783 1826 Piscariam

1033 1847 1061 1872 (t
1084 1838 1255 1896 piscatores
1276 1839 1422 1875 Fundani
1450 1841 1661 1888 episcopatus,
1683 1848 1713 1875 et
1735 1841 1785 1889 pi·-

1033 1901 1100 1923 sces
1120 1890 1282 1936 piscariae
1305 1899 1332 1925 et
1351 1898 1469 1937 partem
1497 1890 1535 1924 de
1560 1889 1698 1925 Sassone
1720 1902 1783 1926 non

1032 1939 1205 1985 capiemus,
1228 1953 1285 1975 nec
1306 1942 1372 1987 capi
1389 1940 1551 1981 faciemus,
1575 1952 1632 1975 nec
1647 1939 1784 1987 aliquam

1033 1988 1205 2024 molestiam
1230 1990 1413 2033 inferemus,
1441 2002 1499 2024 nec
1523 1988 1630 2024 inferri
1654 1989 1785 2037 permit—

1033 2047 1134 2074 temus
1161 2039 1199 2074 ab
1222 2040 1402 2075 hominibus
1430 2039 1557 2073 nostris.
1590 2038 1623 2073 Si
1656 2039 1783 2086 quando

1033 2101 1104 2124 vero
1131 2090 1210 2125 inter
1234 2102 1302 2131 nos,
1324 2098 1353 2124 et
1377 2088 1572 2136 praedictum
1599 2088 1782 2143 episcopum

1032 2138 1185 2174 discordia
1213 2139 1343 2179 orietur,
1371 2147 1500 2186 propter
1520 2138 1581 2173 hoc
1597 2137 1783 2183 consangui-

1033 2200 1107 2223 neos
1129 2196 1178 2224 aut
1199 2188 1278 2224 bona
1301 2201 1408 2224 eorum
1425 2200 1486 2222 non
1508 2188 1679 2233 capiemus.
1703 2186 1781 2221 ltem

1032 2238 1207 2283 praedictus
1229 2239 1397 2285 episcopus
1414 2237 1509 2285 sylvis
1521 2236 1664 2271 Fundani
1681 2235 1781 2271 comi-

1032 2295 1123 2327 tatus,
1151 2288 1294 2323 ecclesiis
1315 2296 1345 2322 et
1373 2287 1507 2334 propriis
1528 2285 1703 2321 domibus
1697 2297 1780 2332 ipsa-

1032 2349 1098 2370 rum
1115 2337 1320 2372 ecclesiarum
1338 2335 1529 2383 reparandis,
1553 2335 1599 2370 vel
1616 2334 1778 2376 faciendis,

1030 2394 1057 2420 et
1087 2387 1211 2432 pascuis
1246 2399 1301 2440 pro
1328 2386 1393 2420 suis
1421 2385 1557 2433 propriis
1577 2383 1777 2428 animalibus,

1029 2436 1074 2470 sic
1095 2444 1208 2477 utetur,
1230 2437 1309 2470 sicut
1332 2447 1468 2482 unquam
1492 2434 1606 2469 melius
1629 2446 1704 2469 usus
1719 2441 1777 2469 est.

1031 2483 1069 2519 Ut
1090 2494 1194 2520 autem
1222 2485 1298 2520 baec
1322 2493 1424 2519 nostra
1447 2483 1586 2525 donatio,
1614 2483 1778 2519 concessio

1029 2542 1058 2569 et
1074 2534 1216 2569 remissio
1237 2543 1350 2581 sponte
1367 2543 1395 2569 et
1417 2533 1586 2569 liberaliter
1602 2532 1678 2568 facta
1702 2545 1777 2581 pet·-

1029 2592 1120 2631 petua
1147 2584 1280 2629 gaudeat
1311 2584 1466 2627 firmitate,
1495 2596 1617 2618 necnon
1649 2582 1776 2631 ad'pe-

1029 2645 1156 2668 rennem
1192 2634 1373 2668 memoriam
1416 2633 1591 2668 futurorum
1628 2644 1774 2680 praeseus

1029 2682 1223 2729 privilegium
1248 2695 1302 2730 per
1325 2695 1450 2717 manum
1473 2682 1617 2718 Riccardi
1644 2683 1771 2720 subdia-

1811 301 1858 325 Αη,
1879 299 1906 324 C,
1926 300 1985 326 12¹¹
