2129 3223
174 270 222 297 Αιι.
240 269 267 296 C.
290 270 355 298 ¹258

179 1018 235 1041 Bona
244 1021 314 1041 omnia
330 1022 349 1042 ei

164 1050 281 1071 eonnrmae.

419 261 489 295 654

370 325 604 369 exercendum,
632 324 839 374 eleemosynis
861 325 1021 361 Ecclesiae
1042 325 1114 361 Ro-

370 386 491 429 manae,
507 374 691 410 solemniter
704 382 752 409 est
764 383 992 417 construetum;
1006 376 1037 410 in
1053 387 1115 422 quo

370 424 564 469 recipiuntur
590 431 621 458 et
642 423 826 459 reficiuntur
847 436 1001 472 pauperes
1022 431 1052 459 et
1073 425 1116 458 in-

369 472 461 517 firmi,
482 472 708 508 etexhibentur
729 473 786 508 alia
806 485 900 521 opera
925 474 1058 521 pietatis,
1076 473 1115 508 ad

368 522 528 576 exemplar
560 521 658 557 seticis
680 522 907 558 recordationis
940 522 1113 557 innocentii

368 571 466 615 tertii,
493 571 625 606 Honorii
652 578 682 606 et
703 571 862 618 Gregorii,
898 572 1117 619 praedecesso-

367 632 437 654 rum
463 628 644 655 nostrorum
673 620 886 656 Romanorum
914 621 1115 664 Pontificum,

367 669 427 704 snb
471 669 550 704 beati
587 669 671 704 Petri
712 679 741 705 et
774 677 879 705 nostra
924 670 1116 717 protectione

366 719 569 766 suscipimus,
589 728 618 754 et
634 720 808 767 praesentis
828 720 934 766 scripti
952 719 1116 766 privilegio

365 769 613 803 communimus.
654 768 852 811 Statuentes,
892 777 923 802 ut
964 768 1116 814 regularis

365 816 461 857 ordo,
501 818 554 865 qui
590 817 769 853 secundum
797 817 897 852 Deum
926 826 955 852 et
989 818 1115 852 institu-

365 867 481 902 tionem
500 866 631 902 sratrum
659 866 822 914 hospitalis
849 866 954 901 Sancti
977 866 1115 913 Spiritus

364 915 482 950 ibidem
517 916 679 951 institutus
706 928 774 951 esse
807 916 1013 961 dignoscitur,
1041 928 1115 963 per-

364 965 468 1012 petuis
506 965 622 1000 ibidem
662 965 859 1013 temporibus
896 965 1116 1000 inviolabiliter

363 1013 558 1049 observetur.
592 1014 756 1050 Praeterea
783 1026 1002 1061 quascumque
1040 1027 1116 1062 pos-

363 1064 536 1104 sessiones,
560 1075 779 1111 quaecumque
795 1064 876 1098 bona
899 1063 982 1098 idem
1006 1064 1115 1110 bospi-

363 1113 422 1148 tale
451 1113 483 1148 in
513 1113 760 1160 praesentiarum
797 1113 878 1147 iuste
904 1124 940 1147 ac
962 1114 1114 1148 canonice

363 1162 514 1209 possidet,
537 1163 635 1197 autin
651 1162 794 1197 futurum
810 1162 1015 1197 concessione
1034 1162 1116 1197 Pon-

361 1211 494 1253 tificum,
522 1211 687 1258 largitione
716 1223 826 1258 regum
849 1211 899 1246 vel
922 1211 1113 1258 principum,

362 1260 518 1295 oblatione
545 1261 699 1301 fidelium,
726 1272 781 1295 seu
809 1261 877 1295 aliis
899 1260 990 1295 iustis
1013 1260 1114 1295 modis

363 1317 540 1357 praestante
562 1310 701 1345 Domino
717 1310 831 1357 poterit
853 1309 1002 1357 adipisci
1024 1308 1113 1343 firma

363 1358 462 1403 vobis,
486 1360 659 1405 vestrisque
677 1359 926 1399 successoribus
949 1367 980 1393 et
997 1358 1113 1392 illibata

364 1415 578 1454 permaneant.
603 1408 636 1442 In
665 1407 781 1454 quibus
803 1409 880 1442 haec
903 1408 1039 1454 propriis
1053 1407 1114 1441 du-

362 1456 468 1492 ximus
489 1456 693 1503 exprimenda
720 1456 893 1500 vocabulis,
920 1457 1025 1490 locum
1058 1456 1111 1503 ip—

363 1518 451 1546 sum,
478 1507 509 1540 in
531 1518 594 1552 quo
626 1505 798 1560 praefatum
830 1505 984 1552 hospitale
1018 1505 1112 1539 situm

363 1564 422 1598 est,
444 1566 516 1589 cum
545 1554 692 1590 omnibus
709 1554 918 1601 pertinentiis
948 1554 1113 1589 ecclesiam

363 1603 471 1639 Sancti
494 1603 627 1638 Corradi
650 1616 722 1638 cum
738 1603 885 1638 omnibus
904 1603 1112 1650 pertinentiis

363 1652 472 1687 Sancti
498 1652 653 1687 Leonardi
676 1651 978 1698 Pontisgrandinati‚
1004 1652 1112 1687 Sancti

362 1700 466 1747 Egidii
500 1701 540 1736 de
578 1701 731 1748 Rapello,
768 1700 901 1736 Sanctae
935 1700 1048 1736 Crucis
1075 1701 1113 1736 de

363 1749 480 1791 Diatio,
506 1750 612 1785 Sancti
647 1750 805 1785 Laurentii
841 1757 926 1785 extra
962 1749 1114 1794 Diatium,

363 1799 498 1834 Sanctae
513 1799 628 1834 Mariae
651 1800 690 1834 de
707 1798 930 1846 Capodamele,
952 1811 988 1834 ac
1006 1799 1113 1834 Sancti

364 1848 502 1895 Spiritus
534 1848 572 1883 de
611 1848 813 1883 Claromonte
852 1848 1002 1883 ecclesias
1040 1861 1113 1883 cum

364 1898 512 1933 omnibus
536 1898 735 1944 pertinentiis
751 1897 951 1939 earumdem3
975 1898 1013 1932 de
1028 1898 1116 1932 Wiv-

366 1947 436 1982 telle
461 1946 500 1981 de
533 1946 678 1987 Scol'ralt,
719 1956 749 1981 et
776 1947 814 1981 de
843 1946 985 1993 Wimpin
1013 1947 1115 1981 eccle-

364 1997 430 2031 sias
450 2007 523 2030 cum
538 1996 685 2030 omnibus
702 1996 901 2043 pertinentiis
917 1996 1114 2036 earumdenu

365 2045 405 2080 de
428 2044 531 2084 Bravi,
558 2044 596 2079 de
619 2044 786 2084 Vallecaia,
809 2045 848 2079 de
872 2044 1059 2089 Porcaricia,
1076 2045 1115 2079 de

365 2094 464 2128 Paulo
499 2102 530 2128 et
551 2093 590 2127 de
612 2093 719 2128 Osann
748 2094 895 2140 grangias
916 2106 987 2129 cum
1010 2095 1115 2128 omni-

366 2143 427 2178 bus
454 2143 651 2189 pertinentiis
677 2142 879 2183 earumdem,
907 2142 1013 2177 Sancti
1041 2143 1116 2189 Spi-

366 2193 445 2227 ritus
467 2191 507 2227 de
528 2191 668 2232 Miliaria,
697 2191 803 2226 Sancti
830 2191 971 2238 Spiritus
993 2191 1032 2226 de
1054 2193 1115 2225 Ar-

367 2249 519 2288 gentena,
547 2240 654 2276 Sancti
687 2240 826 2288 Spiritus
852 2241 891 2275 de
918 2241 1047 2285 Laudo,
1082 2240 1114 2276 S.

367 2289 505 2335 Spiritus
528 2290 566 2324 de
593 2289 744 2336 Segolva,
777 2289 884 2324 Sancti
919 2289 1056 2335 Spiritus
1078 2290 1115 2324 de

368 2338 534 2379 Gualtera,
563 2338 669 2373 Sancti
697 2338 833 2385 Spiritus
854 2339 893 2373 de
919 2339 1116 2386 Brageriaco,

368 2387 474 2422 Sancti
497 2387 634 2434 Spiritus
656 2388 695 2423 de
717 2387 974 2428 Pontebordone,
997 2395 1027 2422 et
1041 2387 1118 2422 San-

369 2436 409 2470 cti
445 2436 584 2483 Spiritus
614 2437 653 2471 de
688 2436 911 2471 Montevalenti
950 2437 1116 2483 hospitalia

370 2496 442 2519 cum
464 2485 612 2520 omnibus
630 2485 829 2533 pertinentiis
851 2485 1050 2526 eorumdem,
1079 2486 1117 2520 de

370 2532 517 2574 Divione,
539 2534 579 2569 de
604 2534 695 2579 Dole,
722 2534 760 2569 de
782 2534 956 2574 Tornodro
979 2534 1018 2570 de
1032 2534 1117 2575 Basi,

372 2581 411 2615 de
432 2582 546 2618 Sancta
567 2583 694 2625 Sev‚era
717 2592 747 2618 et
774 2583 813 2618 de
834 2583 980 2619 Bisuntio
1008 2583 1119 2631 hospi-

371 2629 443 2664 talia
465 2642 537 2666 cum
566 2632 762 2679 pertinentiis
784 2632 984 2674 eorumdem;
1017 2633 1118 2668 eccle-

957 271 1146 295 Bouianum
1171 271 1335 295 Roaiam

1154 326 1232 361 siam
1255 334 1286 360 et
1306 325 1461 374 hospitale
1482 326 1521 362 de
1552 325 1723 367 Novofor0‚
1751 334 1781 361 et
1803 326 1907 374 hospi-

1155 375 1215 409 tale
1237 375 1275 410 de
1289 374 1470 419 Gomunda,
1493 375 1531 410 de
1547 375 1698 417 Mennim,
1717 374 1756 410 de
1770 374 1905 417 Vienna,

1155 432 1185 458 et
1210 424 1248 459 de
1277 423 1426 460 Cracovia
1451 425 1619 471 hospitalia
1652 436 1724 463 cum
1757 424 1906 460 omnibus

1157 474 1356 520 pertinentiis
1382 474 1585 516 eorumdem,
1611 474 1774 521 grangiam
1789 482 1821 509 et
1835 473 1907 509 bos-

1159 523 1263 567 pitale,
1287 535 1368 570 quae
1395 523 1516 558 habetis
1538 523 1569 558 in
1590 523 1671 564 loco,
1693 523 1748 571 qui
1777 531 1905 558 vocatur

1155 571 1314 613 Favento,
1337 585 1409 608 cum
1437 572 1586 608 omnibus
1617 572 1814 619 pertinentiis
1846 585 1905 608 eo·

1157 620 1320 662 rumdem,
1338 622 1503 657 ecclesiam
1523 629 1553 656 et
1575 621 1730 669 hospitale
1754 620 1794 656 de
1818 621 1904 657 Calci

1157 681 1228 704 cum
1267 671 1416 706 omnibus
1464 671 1662 718 pertinentiis
1700 671 1904 712 eorumdem,

1157 718 1308 766 hospitale
1339 720 1379 755 de
1410 720 1497 754 Novo
1535 719 1646 755 Castro
1673 719 1712 754 de
1741 719 1906 765 Susanna,

1157 769 1381 804 monasterium
1409 768 1516 804 Sancti
1539 768 1646 803 Heliae
1668 768 1828 815 quondam
1853 781 1907 804 or·-

1156 818 1239 852 dinis
1260 818 1365 853 Sancti
1388 817 1551 852 Benedicti
1571 817 1721 865 Nepesin.
1752 817 1907 853 dioecesis

1156 879 1228 901 cum
1257 868 1416 911 ecclesiis,
1450 867 1571 911 castris,
1599 867 1721 902 iuribus
1747 874 1778 902 et
1810 868 1903 914 perti-

1160 916 1274 950 nentiis
1302 918 1380 959 suis,
1407 917 1491 964 quod
1512 917 1551 951 de
1574 915 1705 952 fratrum
1726 923 1906 951 nostrorum

1157 965 1290 1000 consilio
1308 965 1407 1008 vobis
1434 974 1464 1000 et
1486 977 1541 1012 per
1565 977 1619 1001 vos
1634 965 1780 1012 hospitali
1804 973 1906 1001 vestro

1156 1014 1304 1049 duximus
1325 1014 1567 1059 conferendum,
1584 1026 1656 1050 cum
1673 1015 1775 1059 terris,
1798 1016 1907 1062 pratis,

1157 1063 1266 1104 vineis,
1294 1063 1489 1119 nemoribus,
1511 1064 1652 1111 usuagiis
1678 1072 1708 1099 et
1731 1063 1856 1111 pascuis
1874 1064 1906 1099 in

1157 1111 1251 1147 bosco
1274 1121 1303 1147 et
1319 1113 1424 1168 plastno
1446 1113 1477 1147 in
1495 1114 1586 1160 aquis
1608 1121 1638 1148 et
1656 1112 1882 1153 molendinis,
1874 1126 1906 1148 in

1156 1162 1212 1196 viis
1239 1170 1268 1197 et
1294 1163 1416 1197 semitis
1444 1170 1474 1196 et
1501 1162 1648 1197 omnibus
1669 1162 1738 1197 aliis
1757 1161 1907 1197 libertati-

1156 1210 1214 1246 bus
1241 1219 1271 1245 et
1304 1211 1559 1246 immunitatibus
1593 1212 1681 1252 suis,
1714 1211 1772 1246 hoc
1801 1219 1903 1246 tamen

1155 1259 1295 1305 adiecto,
1330 1269 1361 1294 ut
1397 1260 1427 1293 in
1461 1260 1574 1295 eadem
1601 1260 1742 1295 Ecclesia
1769 1267 1906 1308 quatuor
1930 1273 2105 1309 Quassorvanda

1918 1306 1961 1326 siut
1981 1305 2003 1326 in
2029 1305 2104 1326 eoele-

1918 1336 1956 1356 stis
1971 1335 2039 1357 eidem
2054 1335 2104 1358 hoo-

1155 1358 1297 1393 eiusdem
1321 1358 1484 1405 hospitalis
1499 1358 1643 1405 professi,
1666 1358 1718 1406 qui
1742 1370 1798 1406 pro
1813 1358 1905 1393 nobis
1919 1366 1978 1394 1²¹1·ss
1993 1366 2102 1388 mbioess·

1155 1321 1281 1356 semper
1311 1309 1349 1344 ad
1386 1309 1491 1344 minus
1526 1309 1590 1344 sint
1623 1309 1729 1344 clerici
1763 1309 1902 1356 regulam

1155 1416 1184 1442 et
1222 1407 1520 1454 praedecessoribus
1546 1420 1581 1442 ac
1609 1407 1849 1442 successoribus
1875 1416 1906 1442 et

1156 1456 1304 1491 fratribus
1329 1457 1447 1491 nostris
1462 1456 1541 1491 vivis
1562 1457 1678 1504 pariter
1699 1464 1730 1492 et
1751 1456 1907 1492 defunctis

1154 1506 1332 1552 specialiter
1358 1506 1570 1547 observantes,
1593 1506 1698 1540 omnia
1730 1506 1907 1553 spiritualia

1155 1555 1324 1589 liberaliter
1340 1555 1571 1598 administrent,
1593 1563 1623 1589 et
1640 1566 1738 1602 super
1758 1555 1821 1590 illis
1839 1555 1907 1590 nul-

1155 1603 1231 1647 lius,
1264 1603 1321 1637 nisi
1357 1603 1493 1638 Romani
1521 1603 1686 1638 Pontificis
1717 1604 1906 1640 correctioni

1155 1652 1353 1693 subiaceant3
1388 1652 1426 1687 ad
1449 1664 1542 1698 quem
1574 1653 1699 1699 quoties
1720 1653 1906 1700 expedierit,

1156 1702 1327 1736 monitione
1351 1702 1532 1748 praemissa,
1551 1701 1731 1736 charitativa
1747 1702 1800 1736 liat
1817 1714 1834 1738 a
1849 1702 1907 1737 fra-

1156 1751 1254 1785 tribus
1272 1750 1475 1797 proclamatio
1495 1759 1621 1797 propter
1635 1750 1753 1792 Deum,
1775 1758 1809 1786 ut
1827 1751 1906 1799 ipse,

1155 1800 1277 1845 cognita
1307 1800 1445 1840 veritate,
1472 1799 1620 1834 decernat
1647 1799 1729 1846 quod
1758 1811 1816 1835 suo
1837 1813 1905 1847 pru-

1155 1848 1240 1883 denti
1268 1848 1399 1883 consilio
1426 1847 1549 1883 duxerit
1573 1848 1815 1896 providendum.
1842 1849 1905 1897 Ipsi

1155 1906 1259 1933 autem
1288 1898 1369 1933 victu
1388 1906 1418 1932 et
1439 1898 1550 1937 vestitu
1573 1898 1730 1940 contenti,
1753 1910 1846 1946 quem
1861 1899 1907 1934 eis

1156 1947 1332 1982 secundum
1361 1946 1503 1981 eamdem
1529 1947 1668 1993 regulam
1692 1948 1907 2003 praecipimus

1156 1996 1308 2037 exhiberi,
1331 1996 1446 2030 divinis
1472 2004 1582 2031 vacent
1603 1995 1730 2037 officiis,
1751 2004 1782 2032 et
1807 1997 1908 2032 inten-

1157 2045 1231 2079 dant
1253 2045 1474 2080 ecclesiasticis
1504 2045 1719 2084 sacramentis,
1753 2046 1794 2080 ita
1821 2047 1906 2094 quod

1156 2094 1195 2128 de
1221 2092 1291 2128 aliis
1317 2094 1481 2149 hospitalis
1516 2095 1651 2139 negotiis
1677 2102 1801 2141 praeter
1827 2107 1907 2130 con-

1157 2143 1330 2177 cessionem
1366 2143 1506 2190 magistri
1533 2155 1567 2178 se
1602 2143 1783 2178 nullatenus
1805 2144 1907 2178 intro-

1157 2192 1299 2233 mittant3
1326 2191 1382 2226 sed
1405 2192 1509 2227 omnia
1538 2192 1736 2239 dispositioni
1763 2200 1848 2237 tuae,
1863 2193 1906 2227 hli

1158 2241 1318 2287 magister,
1338 2248 1367 2276 et
1383 2253 1602 2276 successorum
1625 2249 1764 2281 tuorum,
1787 2241 1834 2275 vel
1857 2254 1908 2276 eo-

1157 2302 1240 2333 rum,
1262 2290 1315 2336 qui
1340 2302 1394 2336 per
1416 2298 1457 2334 te,
1485 2291 1531 2325 vel
1555 2302 1609 2337 per
1631 2301 1683 2325 eos
1709 2290 1747 2324 ad
1765 2290 1823 2325 boc
1838 2290 1906 2325 sue-

1158 2339 1218 2373 rint
1241 2338 1394 2385 deputati‚
1414 2339 1481 2374 sine
1503 2338 1807 2383 contradictionem
1825 2351 1907 2374 mur-

1158 2388 1333 2422 muratione
1355 2388 1543 2434 relinquant.
1567 2387 1733 2423 Caeterum
1754 2389 1904 2434 quoniam

1160 2436 1336 2483 praedictus
1365 2438 1586 2482 praedecessor
1614 2443 1719 2471 noster
1744 2435 1906 2471 Honorius

1160 2486 1306 2520 uuiouem
1343 2485 1486 2520 eiusdem
1521 2485 1703 2532 hospitalis,
1740 2493 1769 2520 et
1798 2484 1905 2521 Sancti

1159 2533 1294 2581 Spiritus
1321 2534 1353 2568 in
1380 2534 1645 2582 Montepessulan.
1670 2532 1758 2569 vobis
1789 2542 1820 2569 et
1839 2534 1907 2570 lios-

1159 2583 1242 2629 pitali
1267 2591 1368 2618 vestro
1397 2584 1427 2618 in
1452 2582 1667 2630 spiritualibus
1694 2590 1724 2617 et
1753 2590 1908 2631 tempora·

1159 2632 1242 2667 libus
1260 2632 1468 2680 perniciosam
1491 2640 1521 2667 et
1542 2631 1726 2667 damnosam
1748 2633 1906 2680 cognovit,

1918 272 1969 298 An.
1985 271 2016 299 C.
2034 271 2102 299 ¹288

1928 2391 2037 2421 tio-punt·
2046 2393 2105 2415 He*

1920 2423 2057 2451 nuper-utun.
2077 2424 2102 2445 ab

1920 2455 1995 2476 codam
2021 2455 2104 2477 dictun-

1920 2488 1989 2511 ctum;
