2129 3223
29 231 68 260 An
95 231 121 257 C.
145 233 212 259 two

52 2387 108 2412 Lucii
126 2389 165 2412 Pr.
188 2390 216 2412 tt!

39 2423 151 2443 florulentia.

823 233 1033 256 lxsocflNTtts
1057 232 1091 254 tlt
1117 232 1163 254 Pr.

228 286 374 321 rochialis
388 287 538 322 Ioannem
561 299 770 322 oeconomum
799 287 976 334 praedictae

225 335 407 375 Ecclesiae,
443 343 474 371 et
502 348 614 371 omnes
640 336 785 371 eiusdem
813 335 975 371 Ecclesiae

224 384 356 419 clericos
382 385 615 428 condemnavit,
650 385 793 420 videlicet
831 385 859 419 in
888 398 977 419 scru-

226 433 315 477 tinio,
342 432 542 480 baptismate,
577 434 725 480 capitulo,
763 434 975 481 processione,

224 489 255 517 et
276 481 462 517 clericorum
491 482 706 518 ordinatione:
744 491 775 517 et
803 483 974 529 praefatum

224 531 349 566 titulum
376 531 536 567 Ecclesiae
564 539 684 567 vestrae
719 531 827 566 Sancti
864 531 976 567 Grisu-

223 579 296 626 goni
323 579 362 614 ad
399 592 493 615 omne
527 581 576 615 ius
604 580 781 627 parochiale
824 581 974 620 restituit,

224 628 306 663 sicut
324 628 355 663 in
374 629 546 675 privilegiis
561 637 679 665 vestrae
692 629 851 664 Ecclesiae
873 630 976 664 conti-

225 684 325 712 netur.
367 676 537 714 Caeterum
582 691 654 713 cum
696 687 838 725 tempore
875 678 976 713 felicis

226 726 450 762 recordationis
477 728 647 762 Alexandri
676 728 778 774 Papae
801 727 843 762 ΙΙΙ
864 740 976 774 saepe-

225 775 299 810 dicti
337 776 440 811 clerici
479 785 683 812 contumaces
721 777 913 817 existerent,
946 783 976 811 et

225 824 370 869 rebelles,
393 838 450 860 nec
472 826 549 860 latae
576 827 752 861 sententiae
782 825 897 860 vellent
920 826 976 860 ali-

224 886 286 922 qua
308 875 428 909 ratione
457 887 578 920 parere,
611 875 648 910 ad
679 875 857 911 instantiam
880 874 977 910 cleri-

224 935 332 958 corum
356 931 431 959 tunc
452 924 613 959 Ecclesiae
630 933 749 960 vestrae
764 937 819 959 eos
831 923 869 958 ad
885 936 975 959 suam

225 972 435 1025 praesentiam
458 974 612 1008 evocavit:
642 975 694 1021 qui
717 986 821 1009 coram
844 985 882 1008 eo
902 985 976 1020 pro—

226 1033 342 1068 ponere
369 1031 578 1063 curaverunt,
617 1024 700 1070 quod
736 1023 891 1058 sententia
925 1022 976 1057 illa

226 1082 289 1105 non
311 1070 440 1105 deberet
476 1071 579 1118 aliqua
614 1073 733 1107 ratione
769 1080 891 1111 tenere,
921 1083 976 1117 pro

227 1131 265 1154 eo
297 1119 381 1167 quod
419 1120 600 1166 interposita
631 1121 730 1155 suerat
765 1120 976 1166 appellatione

225 1180 390 1214 suspensa,
418 1177 447 1203 et
468 1170 560 1204 etiam
590 1170 648 1204 lata
670 1178 778 1204 contra
802 1169 976 1203 libertatem

226 1216 387 1252 Ecclesiae
415 1230 489 1252 suae
517 1230 573 1264 per
603 1219 800 1264 privilegium
832 1218 975 1263 Aposto—

224 1265 304 1300 licae
336 1266 429 1301 Sedis
465 1266 634 1301 indultam:
672 1268 701 1301 in
730 1280 793 1314 quo
833 1266 976 1300 videlicet

228 1314 390 1361 privilegio
412 1315 632 1350 continebatur
658 1328 861 1362 expressum,
893 1315 975 1362 quod

225 1363 368 1398 Ecclesia
390 1363 497 1399 Sancti
519 1363 690 1399 Salvatoris
719 1365 757 1399 de
773 1364 871 1399 Curte
898 1363 975 1398 nulli

226 1412 290 1453 alii,
315 1412 375 1447 nisi
397 1412 559 1448 Romanae
593 1413 754 1449 Ecclesiae
786 1413 975 1448 subiaceret.

226 1460 322 1504 Quod
343 1461 472 1508 quidem
503 1462 700 1509 privilegium
736 1463 835 1506 (sient
859 1462 889 1496 in
918 1474 976 1508 pu-

227 1511 308 1545 blico
335 1510 543 1545 instrumento
578 1524 633 1558 per
663 1524 790 1546 manum
823 1511 976 1546 scriniarii

227 1558 343 1594 exinde
364 1559 445 1594 sacto
477 1560 626 1603 habetur)
653 1560 691 1595 ab
713 1572 888 1595 oeconomo
915 1560 978 1595 Ee-

227 1608 340 1643 clesiae
363 1617 481 1643 vestrae
507 1609 537 1643 in
561 1610 772 1644 controversia
797 1609 866 1648 illa,
896 1621 977 1656 quae

227 1657 352 1693 actitata
364 1665 411 1692 est
428 1670 532 1692 coram
550 1659 708 1705 praedicto
729 1658 891 1693 Bernardo
910 1660 978 1704 epi-

227 1718 325 1754 scopo
338 1706 502 1751 Pon-tuen„
523 1717 552 1742 et
568 1708 626 1742 alia
645 1708 792 1743 similiter
806 1707 977 1753 privilegia,

227 1769 310 1805 quae
337 1767 392 1802 pro
420 1756 562 1791 libertate
596 1769 670 1791 suae
698 1756 857 1791 Ecclesiae
885 1768 977 1803 prae-

227 1805 411 1848 tendebant,
444 1815 519 1841 sunt
542 1806 673 1840 falsitate
709 1806 832 1852 penitus
859 1805 976 1839 confu-

229 1863 307 1890 tata:
335 1863 401 1889 tum
426 1854 498 1900 quia
521 1866 633 1890 recens
655 1855 809 1892 iunctura,
831 1862 862 1889 et
884 1854 978 1889 incol-

228 1905 329 1940 latura
350 1903 528 1938 evidentius
553 1903 738 1950 apparebat,
765 1911 796 1938 et
824 1904 918 1937 multa
945 1904 975 1937 in

229 1965 263 1989 se
285 1952 448 1988 mendacia
469 1953 686 1987 continebant:
718 1961 781 1987 tum
810 1952 882 1998 quia
910 1952 978 1986 nul-

229 2003 268 2038 lis
288 2001 357 2038 aliis
377 2001 572 2048 temporibus
599 2002 662 2036 visa
694 2009 786 2045 sunt,
820 2001 866 2036 vel
888 2002 978 2036 exhi-

228 2051 304 2087 bita.
327 2049 455 2086 Auditis
482 2051 600 2097 itaque,
632 2058 663 2085 et
693 2051 827 2096 cognitis
854 2051 977 2084 utrius—

229 2112 292 2147 que
313 2101 413 2147 partis
439 2099 625 2139 rationibus,
647 2108 675 2134 et
698 2099 866 2145 privilegiis
886 2112 977 2145 prae-

229 2150 432 2184 decessorum
456 2156 632 2183 nostrorum
659 2148 876 2183 Romanorum
898 2147 976 2182 Pon-

230 2198 350 2234 tilicum
384 2197 551 2243 diligenter
577 2196 745 2243 inspecti3‚
773 2196 879 2231 habito
913 2197 977 2232 fra-

232 2256 312 2282 trum
335 2258 466 2282 suorum
489 2246 639 2285 consitio,
663 2245 809 2292 praedicti
833 2246 975 2293 episcopi

231 2296 419 2332 sententiam
435 2294 647 2330 confirmavit:
671 2303 701 2329 et
725 2295 886 2341 perpetuis
903 2304 978 2329 tem-

231 2345 362 2393 poribus
386 2344 508 2379 firmam
545 2354 672 2377 manere
707 2344 855 2383 sancivit,
882 2355 974 2390 qnam

231 2394 324 2429 etiam
346 2393 445 2428 felicis
463 2391 688 2427 recordationis
704 2390 822 2426 Lucius
836 2392 918 2438 Papa
934 2391 976 2426 111

232 2442 465 2488 praedecesso?
489 2448 596 2476 noster
629 2447 725 2474 ratam
755 2440 862 2475 habuit
904 2453 974 2476 cum

231 2491 297 2527 duo
317 2503 355 2526 ex
377 2490 500 2526 clericis
521 2489 703 2528 Salvatorts,
726 2501 805 2536 quos
825 2489 863 2524 ad
886 2502 974 2525 suam

233 2549 361 2588 propter
382 2540 441 2575 hoc
462 2539 671 2587 praesentiam
690 2546 848 2578 evocarat,
871 2551 974 2573 coram

1652 218 1718 252 183

1019 285 1183 332 prolatam,
1206 285 1337 320 eandem
1361 296 1394 319 se
1416 295 1567 323 servasse,
1589 295 1625 318 ac
1642 295 1767 318 servare

1017 334 1148 369 firmiter
1179 334 1258 368 velle
1287 342 1474 369 asserentes.
1502 332 1566 368 Nos
1597 333 1691 379 igitur
1712 344 1767 367 eo-

1017 383 1150 418 rundem
1172 382 1447 430 praedecessorum
1473 390 1651 417 nostrorum
1681 381 1766 416 loan-

1017 432 1077 473 nis,
1100 431 1231 472 Urbani,
1254 430 1382 471 Calixti,
1410 431 1551 471 Honorii,
1578 430 1766 468 Innocentii.

1018 481 1123 525 Lucii,
1146 480 1277 516 Adriani
1314 489 1343 514 et
1366 480 1534 515 Alexandri
1559 479 1698 526 vestigiis
1718 480 1767 514 in-

1018 530 1193 570 haerentes,
1216 529 1349 564 eandem
1372 529 1559 564 sententiam
1581 529 1766 564 auctoritate

1017 579 1188 626 apostolica
1208 579 1443 618 confirmamus,
1458 585 1487 613 et
1504 578 1676 625 praesentis
1693 579 1765 612 scri·

1017 629 1059 675 pti
1089 628 1200 674 pagina
1238 627 1483 662 communimus.
1523 626 1621 660 Vobis
1654 627 1764 667 etiam,

1018 677 1192 724 vestrisque
1220 676 1473 719 successoribus,
1509 683 1538 709 et
1562 687 1615 721 per
1638 687 1692 709 vos
1713 676 1765 709 ei-

1017 725 1088 760 dem
1114 725 1274 760 Ecclesiae
1307 734 1427 760 vestrae
1455 724 1562 759 Sancti
1595 723 1764 770 Grisogoni

1017 775 1047 809 in
1073 783 1260 821 perpetuum
1287 775 1525 810 confirmamus:
1561 773 1711 808 ecclesias
1737 781 1767 807 et

1017 824 1171 871 capellas,
1199 836 1281 871 quae
1305 823 1383 858 infra
1411 822 1553 858 eiusdem
1581 821 1668 856 Beati
1701 821 1768 857 Gri-

1017 873 1127 920 sogoni
1157 873 1334 919 parochiam
1368 872 1590 915 continentur,
1625 870 1768 905 videlicet

1017 922 1230 968 saepedictam
1258 923 1422 957 ecclesiam
1456 920 1564 956 Sancti
1597 919 1768 956 Salvatoris

1017 972 1056 1006 de
1077 970 1192 1015 Curte,
1224 983 1303 1018 quae
1331 972 1424 1006 etiam
1446 969 1533 1004 Felix
1552 969 1664 1016 Aquita
1687 981 1769 1003 nun-

1017 1028 1168 1067 cupatur.-
1196 1020 1361 1055 ecclesiam
1381 1019 1516 1054 Sanctae
1541 1018 1698 1054 Bonosae:
1720 1030 1769 1053 ec-

1017 1069 1144 1104 clesiam
1164 1068 1297 1104 Sanctae
1314 1068 1456 1115 Agathae
1477 1079 1549 1102 cum
1572 1067 1768 1114 pertinentiis

1017 1130 1141 1153 earum:
1173 1118 1338 1153 ecclesiam
1361 1117 1467 1153 Sancti
1491 1115 1657 1161 Stephani,
1683 1128 1766 1162 quae

1019 1174 1151 1214 utroque
1178 1167 1257 1207 iure,
1280 1165 1450 1214 parochiali
1473 1165 1629 1207 videlicet,
1651 1172 1681 1199 et
1699 1176 1768 1211 pro-

1019 1216 1160 1263 prietatis
1178 1215 1215 1250 ad
1233 1224 1365 1250 vestram
1380 1214 1577 1261 dignoscitur
1590 1213 1765 1248 Ecclesiam

1019 1264 1188 1311 pertinere,
1209 1264 1403 1311 utquicquid
1417 1263 1593 1310 dignitatis,
1614 1263 1765 1310 quicquid

1020 1314 1211 1348 reverentiae
1226 1341 1233 1352 ,
1273 1313 1424 1360 quicquid
1465 1312 1651 1358 parochialis
1690 1311 1768 1345 iuris

1018 1362 1130 1396 matrix
1151 1361 1294 1397 Ecclesia
1323 1363 1354 1396 in
1377 1362 1442 1397 suis
1465 1361 1559 1396 habet
1577 1360 1721 1395 ecclesiis
1738 1369 1768 1395 et

1018 1411 1160 1458 capellis,
1183 1411 1244 1445 hoc
1266 1423 1320 1446 vos
1342 1412 1371 1445 in
1400 1411 1465 1445 istis
1486 1422 1539 1457 per
1559 1409 1613 1443 Dei
1636 1409 1766 1455 gratiam

1019 1460 1170 1502 habeatis,
1192 1469 1253 1495 tam
1273 1461 1303 1495 in
1319 1459 1570 1494 ordinationibus
1582 1459 1766 1493 elericorum

1021 1521 1075 1556 per
1095 1509 1223 1544 easdem
1239 1510 1389 1544 ecclesias
1414 1508 1682 1551 collocandorum,
1703 1508 1768 1542 sive

1018 1558 1054 1592 ad
1071 1558 1304 1593 ecclesiasticos
1325 1558 1451 1593 ordines
1470 1558 1766 1604 promovendorum,

1783 229 1829 256 An.
1850 228 1877 255 C.
1900 230 1965 256 ttae

1794 336 1901 357 validatur
1939 337 1964 357 ab

1781 367 1915 389 Innocentio,

1793 681 1849 703 Bona
1875 685 1896 702 et
1920 683 1963 702 iura

1780 712 1964 733 autumn-etesiae

1780 743 1896 764 continuat.

1019 1619 1113 1654 qnam
1145 1608 1174 1642 in
1204 1608 1376 1650 scrutiniis,
1412 1607 1662 1653 baptismatibus,
1698 1618 1791 1651 pro-v

1018 1658 1230 1699 cessionibus,
1252 1657 1409 1703 capitulis,
1442 1664 1472 1690 et
1496 1656 1526 1690 in
1554 1654 1766 1689 criminalium

1019 1718 1098 1752 quae
1135 1706 1259 1753 publica
1292 1714 1364 1740 sunt
1397 1705 1531 1739 iudiciis.
1559 1704 1671 1739 Nullus
1693 1715 1767 1748 ergo

1019 1756 1201 1802 episcopus,
1230 1755 1334 1790 nullus
1367 1754 1545 1793 cardinalis,
1579 1753 1685 1788 nullus
1716 1753 1768 1786 ab·

1019 1803 1090 1847 bas,
1131 1805 1236 1838 nullus
1258 1803 1509 1851 archipresbyter
1543 1803 1572 1837 in
1607 1802 1767 1848 praedicto

1018 1852 1105 1887 Beati
1138 1853 1308 1899 Grisogoni
1340 1852 1431 1887 titulo
1453 1853 1482 1886 in
1511 1852 1640 1897 capellis
1661 1859 1691 1885 et
1709 1858 1767 1886 ter-

1020 1903 1135 1937 ritoriis
1161 1915 1269 1937 earum
1306 1901 1494 1949 parochialia
1521 1901 1580 1935 sibi
1611 1901 1677 1935 iura
1709 1912 1766 1934 au-

1019 1951 1090 1986 deat
1112 1951 1284 1987 vindicare:
1309 1963 1366 1986 nec
1383 1951 1532 1986 abbatum
1554 1950 1645 1984 alicui
1671 1949 1766 1984 facul-

1020 2009 1066 2035 tas
1087 2001 1125 2036 sit
1148 2001 1357 2047 parochianos
1380 2008 1515 2042 vestros,
1539 1999 1597 2033 nisi
1620 1999 1698 2033 forte
1727 1998 1765 2032 ab

1018 2052 1063 2085 eis
1089 2050 1294 2085 deliberatum
1323 2050 1380 2090 sit,
1408 2049 1439 2084 in
1467 2049 1532 2082 suis
1553 2048 1694 2082 ecclesiis
1719 2059 1765 2081 se-

1020 2100 1126 2144 pelire.
1155 2098 1248 2140 Quod
1274 2099 1299 2134 si
1323 2099 1461 2133 viventes
1482 2097 1586 2131 adhuc
1606 2096 1764 2142 religionis

1018 2148 1133 2182 intuitu
1156 2147 1240 2194 apud
1275 2160 1329 2182 eos
1358 2147 1483 2194 sepeliri
1507 2145 1762 2184 deliberaverint,

1019 2209 1090 2232 cum
1120 2205 1218 2231 vestra
1241 2207 1368 2243 qnoque
1389 2196 1578 2242 praesentia,
1599 2194 1682 2228 salva
1703 2205 1763 2227 ma-

1019 2246 1104 2280 tricis
1137 2245 1298 2280 Ecclesiae
1326 2245 1458 2287 iustitia,
1484 2243 1698 2282 tumulentur;
1724 2242 1762 2276 ad

1018 2295 1095 2330 haec
1121 2295 1302 2329 adiicientes
1324 2294 1423 2336 vobis,
1451 2293 1623 2338 vestrisque
1641 2302 1763 2326 succes-

1018 2343 1154 2386 soribus,
1181 2352 1211 2377 et
1226 2354 1281 2388 per
1303 2355 1356 2377 vos
1376 2342 1536 2376 Ecclesiae
1557 2347 1676 2374 vestrae
1691 2351 1762 2386 per-

1019 2400 1113 2438 petuo
1135 2392 1376 2426 confirmamus:
1400 2390 1562 2425 ecclesiam
1589 2388 1695 2423 Sancti
1715 2388 1762 2423 lue

1019 2442 1089 2475 liani
1117 2452 1188 2475 cum
1217 2439 1374 2480 domibus,
1401 2439 1499 2477 cellis,
1528 2438 1663 2485 cryptis,
1686 2437 1762 2472 hor-

1019 2492 1069 2529 tis,
1096 2490 1211 2530 vineis,
1238 2496 1269 2523 et
1294 2488 1443 2523 arenariis
1470 2488 1551 2527 suis,
1576 2498 1649 2522 cum
1670 2487 1761 2522 terris

1018 2538 1110 2573 cultis
1136 2538 1184 2572 vet
1211 2538 1359 2581 incultis,
1396 2537 1507 2585 sylvis,
1542 2536 1705 2584 pantanis,
1731 2544 1761 2571 et

233 2599 271 2624 eo
302 2588 435 2632 confessi
463 2588 614 2632 fuissent,
650 2589 839 2622 sententiam
879 2588 975 2623 fuisse
995 2602 999 2627 i
1020 2599 1115 2634 pratis
1132 2589 1209 2632 suis,
1236 2599 1308 2622 cum
1330 2588 1395 2622 suis
1421 2587 1599 2635 aquimoliS,
1620 2586 1651 2621 in
1675 2586 1759 2627 rivo,
