2129 3223
159 285 210 311 An.
228 285 258 312 C.
272 285 340 312 ¹258

403 279 474 313 658
944 290 1133 323 nontamen
1159 290 1322 314 nonaum!

353 344 436 378 dem.
469 343 641 378 Ecclesiam
668 342 775 378 Sancti
796 343 914 379 Nicolai
942 345 980 379 de
1001 344 1097 379 Curtc
1118 343 1248 380 {Fesul
1283 345 1507 384 monterium
1544 343 1577 379 S.
1610 338 1732 378 Mariae
1761 342 1793 377 in
1826 342 1889 378 Po-

352 392 496 439 Luponis
521 404 592 426 cum
620 392 818 439 pertinentiis
838 394 915 429 suis.
945 393 1096 429 Eremum
1118 386 1119 434 l
1140 394 1243 440 plena,
1270 401 1301 428 et
1332 388 1444 429 &ecles
1472 393 1506 428 S.
1533 392 1697 428 Michaelis
1719 393 1802 427 iuxta
1825 404 1890 436 mq-

351 450 380 475 et
403 441 628 476 monasterium
652 441 685 476 S.
713 441 834 488 AEgidii
861 443 900 477 de
921 443 1002 477 Fleri
1024 455 1096 478 cum
1117 438 1119 512 Ι

350 490 546 535 pertiuentiis
573 490 770 526 eorumdem.
797 491 832 526 S.
858 491 977 527 Viriani
1003 500 1034 526 et
1061 492 1095 526 S.
1117 517 1119 526 ,

349 537 582 574 Bartholomaei
617 539 757 586 Auglarii
796 541 983 576 monasteria
1023 530 1119 575 cum¹

348 587 484 622 castellis
513 596 543 622 et
572 588 640 623 aliis
673 589 869 635 pertinentiis
899 563 1118 646 eorumdem!

348 635 475 671 Ple-bem
498 636 633 672 Sanctae
658 637 772 673 Mariae
794 639 832 673 de
854 639 999 678 illiciam,
1022 650 1094 673 cum

346 685 487 721 ecclesiis
507 695 537 721 et
563 687 632 721 aliis
658 688 857 734 pertinentiis
878 688 954 722 suis.
975 688 1095 723 Eccle-

346 734 425 768 siam
464 735 571 770 Sancti
605 735 731 770 Ioaunis
766 737 857 771 sitam
896 738 926 771 in
958 736 1095 771 Castello

345 783 483 829 Auglarii
507 796 578 819 cum
606 785 803 831 pertinentiis
824 786 900 820 suis.
923 785 970 820 De
988 785 1094 820 Monte

344 834 462 873 Aureo,
489 833 528 868 de
555 833 674 874 Viario,
696 835 734 868 de
756 835 879 870 Maione
906 843 936 869 et
957 835 1094 869 Castello

344 880 535 917 Florentiani
571 883 739 924 ecelesias,
782 896 854 918 cum
894 885 1094 931 pertinentiis

343 930 536 966 earumdem.
578 932 754 967 Ecclesiam
799 932 933 968 Sanctae
978 932 1093 968 Mariae

343 979 382 1014 de
414 979 508 1025 Villa,
546 993 626 1028 quae
653 981 768 1016 dicitur
802 982 981 1022 Moneione,
1019 994 1092 1016 cum

342 1029 542 1074 pertinentiis
575 1031 652 1065 suis.
693 1030 867 1065 Ecclesiam
909 1030 943 1066 S.
983 1030 1093 1065 Vitalis

343 1089 440 1124 prope
481 1078 725 1120 Lorentianum,
770 1092 841 1114 eum
893 1080 1092 1127 pertinentiis

340 1127 417 1161 suis.
433 1126 481 1162 De
503 1128 605 1174 Agna,
633 1128 671 1163 de
694 1128 767 1163 Soci
795 1136 826 1163 et
852 1129 891 1164 de
912 1128 1091 1164 Coudolese

339 1175 492 1211 ecclesias
538 1190 610 1212 cum
653 1178 856 1225 pertinentiis
896 1178 1089 1213 earumdem.

337 1223 484 1260 Letanias
511 1226 612 1272 plebis
640 1227 678 1261 de
705 1227 852 1262 Miciano.
885 1226 1091 1276 visitationes

337 1274 480 1319 plebium
504 1275 544 1310 de
567 1275 692 1311 Buiano
723 1284 753 1311 et
787 1276 944 1317 Partinae‚
970 1289 1089 1323 quem-

336 1322 510 1358 admodum
536 1333 584 1360 est
609 1325 649 1359 ab
681 1325 824 1360 Aretinis
846 1326 1004 1372 episcopis
1037 1337 1091 1360 or-

337 1371 491 1407 dinatum.
514 1372 655 1419 Integras
676 1373 903 1409 decimationes
925 1374 964 1409 de
986 1375 1088 1421 Agna,

336 1419 499 1460 Larniani,
529 1421 750 1468 pergentinae,
777 1422 957 1457 Corsiniani
986 1432 1016 1458 et
1038 1424 1089 1457 A-

336 1481 444 1510 vanae,
471 1478 501 1504 et
532 1471 686 1518 quicquid
723 1471 846 1506 habetis
873 1472 903 1506 in
933 1480 1021 1506 curte
1050 1473 1089 1507 de

336 1516 509 1554 Verazano.
549 1519 627 1554 Item
664 1520 807 1567 quisquis
840 1521 942 1555 eidem
981 1532 1087 1555 eremo

336 1565 556 1602 Canialdulen.
576 1569 730 1603 decimam
746 1581 835 1604 suam
852 1569 925 1603 dare
942 1570 1087 1614 voluerit,

336 1627 417 1662 quae
449 1616 488 1650 ab
521 1617 627 1664 aliquo
660 1618 792 1653 Aretino
827 1618 977 1665 episcopo
1005 1626 1087 1653 recte

336 1665 478 1699 ordinata
501 1665 548 1699 vel
585 1666 697 1701 donata
724 1678 788 1701 non
816 1666 919 1711 fuerit,
942 1667 1015 1702 inde
1037 1667 1089 1701 ha-

335 1712 408 1748 beat
441 1713 634 1755 facultatem,
668 1715 750 1750 sicut
777 1715 816 1750 ab
843 1716 920 1762 ipsis
947 1715 1088 1751 Aretinis

335 1763 494 1809 episcopis
515 1764 721 1799 constitutum
745 1772 802 1799 est.
830 1763 977 1799 Castrum
1003 1764 1086 1811 quod

334 1820 446 1846 vocant
464 1811 602 1857 Moiona,
624 1825 696 1848 cum
720 1812 869 1848 omnibus
892 1813 1088 1860 pertinentiis

336 1861 414 1901 suis,
436 1861 522 1907 quod
549 1862 671 1897 emistis
692 1862 730 1896 ab
747 1861 887 1897 Henrico
909 1862 1087 1909 praeposito

337 1917 368 1943 ct
390 1910 520 1944 caeteris
546 1911 707 1945 canonicis
737 1911 889 1950 Aretinis.
916 1910 1020 1946 villam
1048 1911 1087 1946 de

335 1957 515 1999 Moncione,
542 1971 637 2006 quam
665 1960 786 1995 emistis
812 1959 851 1994 ab
871 1959 984 1994 abbate
1005 1959 1088 1994 San-

336 2015 404 2042 ctae
420 2007 552 2043 .Florae.
585 2008 746 2055 Quicquid
770 2009 848 2043 iuris
874 2008 954 2043 dicta
976 2008 1088 2044 Eccle-

336 2057 381 2091 sia
414 2056 521 2091 Sancti
549 2056 662 2092 Donati
686 2059 716 2091 in
742 2057 823 2092 Villa
844 2056 883 2092 de
909 2057 1035 2092 Moione
1057 2065 1087 2091 et

335 2105 367 2140 in
390 2105 469 2140 Villa
491 2105 530 2140 de
552 2106 719 2141 Moncione
738 2106 842 2141 habt-t.
860 2105 1085 2141 Monasterium

335 2154 470 2189 Sanctae
491 2154 606 2189 Mariae
628 2155 666 2190 de
688 2155 820 2195 Thoma,
842 2167 914 2190 cum
937 2155 1088 2189 omnibus

336 2204 536 2250 pertinentiis
569 2204 646 2239 suis.
677 2203 709 2238 ln
744 2205 928 2251 episcopatu
957 2203 1085 2238 Castell-

335 2253 564 2287 monasterium
583 2252 717 2288 Sanctae
734 2252 850 2287 Mariae
868 2252 991 2287 Diciani
1013 2265 1086 2287 cum

336 2301 539 2348 pertinentiis
560 2302 639 2342 suis,
670 2310 701 2336 et
722 2301 946 2336 monasterium
970 2301 1004 2336 S.
1027 2301 1088 2336 Se-

336 2350 459 2396 pulchri
491 2362 562 2385 cum
592 2359 656 2385 toto
685 2350 785 2396 burgo
807 2350 841 2386 S.
866 2349 1033 2397 Sepulchri
1056 2356 1087 2384 et

337 2399 485 2433 omnibus
508 2400 704 2446 pertinentiis
718 2400 794 2434 suis.
809 2399 984 2434 Ecclesiam
1003 2398 1088 2434 San-

337 2447 377 2481 cti
396 2447 480 2482 Petri
504 2448 543 2483 de
568 2448 747 2489 Planetul0,
769 2460 841 2483 cum
863 2448 991 2483 castello
1012 2447 1088 2482 Pla-

337 2495 434 2530 netuli
447 2504 478 2531 et
489 2496 639 2532 omnibus
653 2498 854 2544 pertinentiis
867 2497 943 2531 suis.
956 2496 1084 2531 Plebem

336 2543 470 2579 Sanctae
503 2546 618 2580 Mariae
652 2546 690 2580 de
725 2545 820 2581 Soara
854 2554 885 2580 et
919 2545 1085 2580 ecclesiam

338 2591 376 2625 de
398 2591 526 2628 Valialla
556 2606 627 2629 cum
664 2595 792 2629 castello
826 2594 865 2629 de
895 2593 1023 2629 Valialla
1056 2601 1086 2628 et

337 2640 486 2676 omnibus
512 2643 707 2688 pertinentiis
740 2644 816 2678 suis.
839 2643 874 2678 In
902 2643 1086 2691 episcopatu

1140 443 1308 477 nasterium
1324 443 1438 488 ipsum.
1457 442 1579 477 Eccles.
1599 441 1633 478 S.
1656 441 1887 477 Bartholomaei

1138 491 1178 526 de
1200 491 1314 526 Castro
1335 491 1488 535 Petronii,
1514 491 1548 526 S.
1570 490 1756 537 Margaritae
1778 491 1809 525 in
1831 490 1890 525 Po-

1139 540 1236 584 mino,
1262 540 1296 576 S.
1323 540 1442 587 AEgidii
1465 542 1498 575 in
1525 539 1681 586 Gavitcge,
1705 541 1740 575 S.
1767 539 1887 575 Nicolai

1137 590 1176 624 de
1210 589 1317 625 Monte
1347 589 1432 624 Zano
1467 598 1497 624 et
1530 588 1638 624 Sancti
1674 588 1812 624 Miniatis
1849 588 1888 624 de

1137 638 1290 674 Lonnano
1313 639 1474 682 ecclesias,
1507 650 1580 672 cum
1616 638 1765 673 omnibus
1792 638 1888 683 perti-

1137 688 1254 723 nentiis
1281 688 1475 723 earumdem.
1507 686 1540 721 S.
1569 686 1697 721 Ioannis
1727 686 1767 722 dc
1794 686 1888 722 Prato

1136 736 1243 772 Veteri
1271 745 1301 772 et
1323 736 1356 771 S.
1386 736 1471 771 Petri
1499 735 1538 770 de
1564 735 1671 770 Monte
1697 735 1788 770 Muro
1816 747 1888 776 mo-

1137 786 1271 821 nasteria
1287 798 1358 821 cum
1381 785 1530 820 omnibus
1554 784 1751 831 pertinentiis
1765 795 1889 820 earum-

1136 834 1219 869 dem.
1251 835 1285 869 Iu
1308 835 1489 881 episcopatu
1511 833 1639 868 Floren.
1666 833 1775 868 Sancti
1801 833 1887 869 Petri

1135 883 1174 918 de
1196 884 1296 925 Luco,
1324 883 1430 918 Sancti
1452 882 1636 927 Salvatoris,
1657 882 1792 917 Sanctae
1818 882 1888 918 Ma-

1136 933 1199 967 riae
1238 932 1442 979 Magdalenae
1476 932 1516 966 de
1551 931 1651 967 Podio
1689 931 1816 966 Bonitio
1855 940 1886 966 et

1134 981 1241 1017 Sancti
1265 981 1400 1016 Andreae
1425 981 1464 1016 de
1488 980 1674 1016 Candiculis
1695 981 1886 1016 monasteria

1134 1043 1207 1065 cum
1252 1030 1401 1066 omnibus
1446 1030 1645 1077 pertinentiis
1687 1030 1884 1065 eorumdem.

1132 1080 1282 1114 Eremum
1304 1079 1344 1114 de
1366 1079 1530 1114 Buldrone
1552 1091 1624 1114 cum
1646 1078 1795 1114 omnibus
1818 1091 1886 1126 per-

1134 1129 1274 1164 tinentiis
1316 1128 1392 1163 suis.
1432 1127 1467 1162 In
1507 1128 1691 1175 episcopatu
1735 1127 1883 1172 Lucano,

1133 1177 1359 1213 monasterium
1380 1176 1514 1212 Sanctae
1533 1177 1702 1221 Iocundae,
1724 1185 1884 1212 monaste-

1133 1227 1214 1262 rium
1235 1226 1344 1261 Sancti
1366 1226 1452 1261 Petri
1476 1226 1507 1260 in
1532 1225 1686 1268 Puteolis,
1713 1238 1787 1261 cum
1848 1239 1885 1274 p-

1133 1276 1212 1323 pella
1235 1275 1327 1321 burgi
1348 1274 1527 1310 Borcariae.
1551 1275 1779 1310 Monasterium

1131 1327 1170 1360 cti
1195 1324 1366 1360 Salvatoris
1391 1324 1430 1359 de
1451 1323 1640 1359 Cantiniano
1667 1332 1699 1359 et
1725 1332 1884 1360 monaste-

1132 1375 1211 1408 rium
1224 1373 1330 1408 Sancti
1343 1373 1479 1408 Andreae
1492 1373 1531 1408 de
1543 1373 1637 1421 Sylva
1648 1385 1721 1408 cum
1735 1372 1884 1408 omnibus

1131 1423 1330 1469 pertinentiis
1365 1422 1564 1457 eorumdem.
1601 1421 1763 1469 Hospitale
1796 1422 1883 1469 quod

1131 1471 1252 1506 habetis
1298 1472 1384 1506 iuxta
1419 1471 1553 1518 burgum
1592 1470 1700 1506 Sancti
1739 1469 1881 1507 Genesii.

1130 1520 1165 1554 In
1202 1521 1387 1567 episcopatu
1428 1520 1531 1555 Volat.
1576 1521 1803 1555 monasterium
1843 1519 1878 1555 S.

1129 1569 1205 1603 Iusti
1229 1581 1328 1616 prope
1348 1568 1506 1603 civitatem
1520 1569 1675 1604 eamdem.
1692 1569 1726 1603 S.
1742 1568 1826 1604 Petri
1841 1569 1882 1604 de

1129 1617 1271 1661 Cerreto,
1297 1617 1431 1652 Sanctae
1457 1617 1574 1652 Mariae
1596 1617 1636 1653 de
1663 1617 1829 1653 Puliciano
1849 1626 1881 1653 et

1130 1666 1162 1701 S.
1199 1666 1284 1701 Petri
1320 1666 1350 1700 in
1390 1665 1548 1701 Fontiano
1582 1666 1772 1702 monasteria
1806 1679 1879 1702 cum

1129 1715 1278 1750 omnibus
1305 1715 1504 1761 pertinentiis
1530 1716 1726 1751 eorumdem.
1749 1715 1784 1750 In
1811 1716 1882 1762 epi-

1129 1772 1260 1810 scopatu
1283 1763 1439 1807 Pisarum,
1457 1764 1591 1798 Sanctae
1612 1763 1730 1799 Mariae
1752 1764 1791 1799 de
1809 1764 1882 1799 Mo-

1129 1824 1217 1853 rona,
1240 1812 1273 1847 S.
1304 1811 1457 1858 Stephani
1491 1813 1522 1846 in
1544 1811 1687 1848 Cintorio
1713 1821 1745 1848 et
1768 1812 1804 1847 S.
1826 1813 1882 1848 Sa-

1129 1861 1191 1895 vini
1210 1862 1241 1895 in
1258 1860 1428 1904 Moncione
1439 1862 1637 1903 monasteria,
1649 1873 1721 1896 cum
1731 1861 1880 1897 omnibus

1130 1906 1327 1956 pertinentiis
1362 1910 1558 1945 eorumdem.
1585 1910 1622 1944 In
1655 1911 1723 1958 ipsa
1755 1911 1881 1946 civitate

1128 1959 1236 1993 Sancti
1270 1958 1445 2004 Michaelis,
1479 1959 1513 1993 S.
1548 1958 1687 1994 Fridiani
1713 1967 1744 1994 et
1769 1959 1881 1996 Sancti

1128 2007 1266 2042 Zenonis
1293 2008 1499 2052 monasteria,
1527 2019 1600 2042 cum
1630 2007 1778 2043 omnibus
1807 2020 1879 2055 per-

1130 2056 1272 2091 tinentiis
1316 2057 1513 2091 eorumdem.
1556 2056 1738 2104 Hospistale
1781 2058 1879 2092 situm

1129 2117 1226 2152 prope
1253 2106 1480 2140 monasterium
1502 2105 1537 2141 S.
1565 2104 1719 2140 Fridiani.
1751 2105 1785 2140 ln
1807 2106 1880 2153 epi-

1128 2163 1259 2200 scopatu
1273 2153 1440 2189 Clusinen.
1453 2166 1595 2189 eremum
1605 2163 1636 2189 et
1649 2155 1878 2190 monasterium

1128 2202 1161 2236 S.
1189 2202 1274 2237 Petri
1310 2203 1349 2237 de
1378 2203 1472 2247 Vino,
1507 2215 1578 2238 cum
1605 2203 1753 2238 omnibus
1781 2200 1878 2250 perti-

1129 2252 1243 2286 nentiis
1281 2252 1360 2286 suis.
1401 2251 1435 2286 In
1476 2252 1660 2299 episcopatu
1699 2252 1876 2287 Massanen.

1128 2300 1352 2335 monasterium
1380 2300 1414 2334 S.
1436 2300 1607 2335 Mamiliani
1634 2313 1707 2336 cum
1728 2300 1876 2335 omnibus

1128 2349 1326 2395 pertiuentiis
1347 2349 1423 2384 suis.
1445 2349 1480 2384 In
1503 2349 1685 2396 episcopatu
1707 2347 1817 2384 Perus.
1839 2348 1874 2383 S.

1127 2397 1300 2441 Trinitatis,
1316 2397 1449 2432 Sanctae
1466 2398 1582 2433 Mariae
1597 2398 1636 2433 de
1651 2397 1757 2432 Monte
1772 2397 1876 2438 Tecto,

1128 2445 1161 2480 S.
1180 2446 1323 2492 Agnetis,
1345 2446 1378 2481 S.
1402 2446 1510 2482 Severi
1529 2455 1559 2481 et
1581 2446 1694 2482 Donati
1716 2446 1875 2487 ecclesias,

1126 2507 1197 2530 cum
1226 2495 1374 2530 omnibus
1403 2496 1600 2542 pertinentiis
1623 2494 1817 2530 earumdem.
1839 2494 1875 2529 In

1127 2544 1310 2591 episcopatu
1327 2545 1536 2579 Assisinaten.
1552 2544 1776 2579 monasterium
1792 2543 1875 2587 San-

1127 2592 1168 2627 cti
1193 2592 1307 2639 Angeli
1339 2593 1378 2628 de
1404 2592 1546 2637 Rosano,
1571 2604 1644 2627 cum
1678 2592 1875 2639 pertinentiis

1126 2642 1204 2676 suis.
1226 2642 1262 2676 In
1285 2642 1468 2691 episcopatu
1489 2641 1619 2676 Tudert.
1645 2642 1874 2678 monasterium

1832 1279 1890 1310 an-‘

1904 286 1955 313 An.
1972 283 2004 312 G.
2016 282 2085 311 ¹2⁸8
