2129 3223
0 277 5 281 ”
58 282 113 315 ln.
131 285 158 314 c.
175 286 241 314 ¹255

257 352 375 388 umque
402 340 485 376 iuxta
514 340 595 375 fores
623 339 722 387 ipsius
745 341 925 376 monasterii
948 351 1006 388 po-

256 391 336 434 suit,
369 398 402 425 ut
436 389 522 425 illum
550 388 633 425 idem
662 389 756 425 frater
784 402 839 437 pro
861 389 930 426 oleo
953 402 1006 426 ac-

256 438 409 485 quirendo
436 438 587 480 deferret,
610 451 704 485 quem
728 451 800 474 cum
824 439 916 474 vellet
939 439 1006 486 ipse

255 487 504 535 apprehendere,
527 488 644 523 invenit
666 500 738 522 eum
766 489 853 529 oleo,
879 488 1005 523 benefi-

73 539 135 576 Ιῗωῑ·
168 541 241 562 mutn-
254 537 302 571 cio
324 536 448 571 divinae
469 537 637 584 largitatis,
666 537 840 584 impletum.
864 537 1003 573 Rursum

57 571 152 600 ,tm-ins.
253 597 326 620 cum
342 598 407 621 uno
423 585 473 620 die
490 586 614 621 nonnisi
639 586 733 621 nnius
749 587 839 633 panis
854 587 1005 622 medietas

254 647 311 682 pro
333 634 503 670 refectione
530 647 674 670 sororum
702 636 734 670 in
757 636 868 671 eodem
894 648 1005 671 mona—

252 684 348 719 sterio
375 684 560 728 haberetur,
587 685 652 731 ipsa
689 684 890 720 medictatem
918 698 1005 720 eam-

253 733 325 768 dem
352 734 445 768 iussit
467 734 496 768 in
524 733 637 769 frustra
660 733 758 768 dividi
786 742 816 769 et
843 735 1004 770 sororibus

252 781 441 829 dispensari,
462 795 556 830 quam
580 783 660 818 inter
687 795 799 819 manus
821 783 1003 831 frangentis,

253 830 307 866 llle
337 832 390 879 qui
427 833 514 867 vivus
535 840 582 866 est
616 833 721 879 panis,
749 841 779 867 et
813 833 866 867 dat
899 845 1002 869 escam

251 881 475 922 esurientibus,
492 881 710 928 multiplicavit
723 883 753 916 in
766 890 899 926 tantum,
917 883 1002 930 quod

251 930 478 977 quinquaginta
518 930 712 965 sufficientes
744 931 842 966 factae
876 932 1003 966 fuerunt

251 979 365 1015 exinde
403 980 580 1026 portiones,
607 988 637 1014 et
671 981 831 1015 sororibus
861 981 1002 1016 discum-

251 1028 399 1064 bentibus
422 1029 617 1064 distributae.
648 1028 709 1064 Per
731 1030 807 1065 haec
830 1038 860 1064 et
886 1030 942 1065 alia
963 1032 1003 1064 si-

249 1089 310 1124 gna
331 1078 520 1126 conspicua,
557 1091 687 1113 suorum
715 1078 789 1113 dum
817 1079 922 1114 adhuc
949 1079 1002 1113 vi-

249 1135 336 1162 veret
363 1136 499 1163 innotuit
533 1136 768 1174 praeeminentia
804 1138 1000 1164 meritorum.

68 1175 169 1198 ⁴¹¹⁶·2'·
187 1175 329 1211 *tv-Nam
373 1185 403 1211 et
441 1189 513 1212 cum
541 1177 571 1211 in
600 1177 747 1212 extremis
781 1186 904 1224 ageret,
932 1190 1003 1213 can-

3 1190 10 1226 l
54 1207 136 1233 gruum
163 1209 241 1230 invisi-

12 1963 21 1971 ,
0 1887 26 1913 ,122
0 1832 22 1874 'ff
8 1788 14 1794 ,

54 1241 95 1260 ιιι.
249 1224 347 1260 didus
383 1225 545 1261 beatarum
576 1225 741 1272 Virginum
777 1235 902 1270 coetus,
941 1228 1002 1261 mi-

250 1274 394 1310 cantibus
415 1275 541 1310 coronis
562 1284 710 1315 ornatus,
737 1275 768 1310 in
795 1288 855 1322 qua
882 1288 944 1310 uua
965 1289 1001 1310 ex

251 1323 328 1368 ipsis
354 1324 543 1359 eminentior
576 1333 605 1359 et
632 1324 781 1370 fulgidior
813 1325 1001 1371 apparebat,

251 1373 338 1408 visus
357 1382 405 1408 est
419 1373 548 1408 domum
566 1374 693 1417 intrare,
717 1373 767 1408 ubi
783 1374 893 1408 eadem
908 1373 1002 1408 Chri-

250 1423 288 1456 sti
321 1421 435 1457 famula
457 1422 685 1466 decumbebat,
708 1432 737 1457 et
762 1435 861 1470 usque
883 1423 920 1457 ad
950 1423 1003 1458 lc-

250 1471 371 1506 erutum
407 1471 477 1506 eius
512 1471 703 1519 procedere,
745 1483 781 1506 ac
817 1473 897 1506 circa
933 1484 1001 1507 eam

250 1521 338 1568 quasi
374 1521 565 1556 visitationis
591 1520 742 1561 officium,
775 1532 810 1555 ac
846 1520 1004 1556 couforta-

249 1570 345 1605 tionis
357 1569 499 1606 solamen
517 1570 655 1617 quodam
674 1570 879 1605 humanitatis
897 1571 1003 1606 studio

250 1619 410 1654 exhibere.

300 1671 316 1712 ξ
338 1671 370 1703 ’7.
395 1668 470 1703 Post
496 1668 616 1703 obitum
642 1680 714 1702 vero
736 1668 824 1711 eius,
855 1669 1002 1715 quidam,

67 1717 168 1742 mum·
190 1719 307 1764 ⁹⁹¹²qui
329 1717 439 1752 morbo
461 1718 580 1752 caduco
599 1717 720 1758 ruebat,
742 1725 772 1751 et
788 1726 915 1764 propter
932 1731 1004 1753 crus

55 1754 172 1772 mes-um.
252 1774 449 1802 contractum
472 1767 560 1813 gradi
585 1778 644 1801 non
670 1774 806 1812 poterat,
833 1766 870 1800 ad
896 1767 1005 1813 sepul-

252 1815 364 1851 chrum
380 1815 502 1850 ‹lelatus
525 1816 636 1862 ipsius,
660 1815 718 1849 fuit
741 1815 795 1855 ibi,
818 1827 909 1850 crure
934 1816 1001 1862 ipso

252 1865 343 1911 quasi
365 1863 498 1911 fragoris
518 1865 656 1899 sonitum
680 1863 824 1905 faciente,
858 1863 896 1897 ab
919 1873 1006 1899 utra-

251 1925 316 1960 que
342 1913 523 1948 infirmitate
559 1921 697 1948 curatus.
725 1911 821 1947 Curvi
858 1912 1004 1954 renibus,

252 1962 404 1998 membris
438 1962 612 2002 contracti,
654 1962 841 2008 praecipites
873 1961 952 1996 furia
975 1970 1006 1997 et

253 2011 393 2047 dementi
419 2010 525 2046 furore
561 2010 687 2054 ferales,
723 2020 912 2057 receperunt
946 2011 1006 2046 ibi-

252 2060 324 2096 dem
357 2061 510 2107 integram
547 2061 742 2106 sospitatem.
780 2060 915 2094 Cuidam
949 2073 1006 2095 sua

253 2110 378 2145 dextera
401 2121 524 2149 manus,
551 2109 642 2144 cuins
676 2109 744 2155 ipse
773 2121 865 2144 usum
895 2121 933 2144 ex
968 2109 1006 2144 il-

254 2158 314 2194 lata
341 2159 400 2193 sibi
428 2157 606 2194 vehementi
630 2170 833 2204 percussione
862 2158 902 2193 ita
932 2171 1005 2206 per-

254 2207 389 2252 diderat,
415 2207 498 2254 quod
522 2207 598 2241 nihil
621 2208 750 2242 omnino
782 2219 838 2254 per
858 2218 926 2242 eam
955 2220 1006 2242 ve-

869 286 1065 309 ALEXANDER
1087 286 1119 308 lV
1143 286 1190 308 PP.

1678 274 1750 307 6:25

1049 340 1150 379 riosis,
1175 340 1391 375 utevidenter
1418 347 1565 388 appareat
1592 339 1798 387 adimpletum

1048 389 1077 424 id
1105 389 1189 436 quod
1218 389 1256 423 de
1280 390 1344 436 ipsa
1368 399 1466 424 mater
1491 390 1583 432 eius,
1617 388 1694 424 dum
1716 397 1799 424 esset

1047 450 1084 473 ex
1107 451 1143 474 ea
1170 438 1309 484 gravida,
1336 447 1365 473 ct
1384 447 1497 483 oraret,
1525 439 1642 473 dicitur
1663 437 1800 474 audivis-

1046 500 1096 522 se:
1121 487 1276 527 videlicet,
1298 487 1382 534 quod
1404 488 1538 534 paritura
1561 496 1624 522 erat
1639 487 1797 534 quoddam

1047 537 1166 577 lumen,
1189 536 1273 583 quod
1297 537 1405 571 orbem
1425 537 1596 584 plurimum
1617 537 1797 572 illustraret.

1095 590 1164 630 58.
1193 586 1339 621 Gaudeat
1376 587 1477 634 itaque
1504 585 1602 621 Mater
1636 586 1796 625 Ecclesia.

1046 635 1128 682 quod
1167 636 1258 670 talem
1299 637 1407 681 genuit
1439 644 1468 670 et
1505 635 1649 670 educavit
1685 635 1796 679 filiam,

1046 697 1126 732 quae
1145 693 1304 732 tamquam
1322 685 1471 719 virtutum
1493 684 1645 719 foecunda
1670 697 1795 732 parens,

1046 735 1159 769 multas
1195 734 1355 780 religionis
1382 734 1526 768 alumnas
1558 734 1624 768 suis
1648 734 1795 781 produxit

1045 780 1210 831 exemplis,
1242 791 1272 819 et
1290 783 1328 818 ad
1358 783 1530 829 perfectum
1554 782 1671 818 Christi
1694 785 1796 818 servi-

1046 833 1122 867 tium
1151 833 1244 880 pleno
1271 832 1451 878 magisterio
1475 832 1661 866 informavit.
1689 832 1796 867 Laete-

1046 890 1095 916 tur
1116 891 1145 917 et
1172 882 1283 917 devota
1319 881 1407 916 turba
1443 881 1594 925 fidelium,
1621 881 1704 928 quod
1742 895 1794 916 rex

1043 931 1203 966 coelorum
1226 940 1256 966 et
1285 931 1458 977 Dominus,
1485 942 1625 965 sororem
1654 931 1794 978 ipsorum

1043 988 1073 1014 et
1093 981 1229 1020 sociam,
1257 992 1351 1027 quam
1376 981 1406 1014 in
1434 991 1582 1026 sponsam
1604 979 1663 1014 sibi
1691 979 1796 1027 elege-

1045 1037 1107 1073 rat,
1144 1030 1183 1065 ad
1210 1041 1305 1065 suum
1328 1029 1521 1076 praecelsum
1544 1037 1573 1063 et
1601 1029 1793 1075 praeclarum

1044 1079 1206 1126 palatium,
1230 1091 1302 1114 cum
1328 1078 1427 1124 gloria
1450 1077 1636 1113 introduxit.
1658 1077 1737 1113 Nam
1766 1087 1794 1112 et

1043 1138 1224 1163 sanctorum
1259 1127 1459 1174 congaudent
1485 1127 1625 1174 agmina,
1654 1127 1737 1174 quod
1764 1127 1794 1162 in

1042 1189 1180 1224 superna
1213 1189 1322 1211 eorum
1355 1177 1473 1224 patria,
1508 1175 1649 1212 novellae
1683 1177 1796 1223 regalis

1042 1238 1176 1274 sponsae
1204 1226 1330 1273 nuptiae
1348 1225 1556 1261 celebrantur.

1816 285 1866 311 An.
1886 285 1914 312 C.
1931 285 1999 311 ¹255

1091 1280 1106 1318 ξ
1129 1278 1162 1310 9.
1185 1274 1366 1315 Caeterum,
1385 1275 1455 1322 quia
1469 1275 1625 1321 congruit,
1649 1283 1793 1322 utquam
1823 1291 1880 1309 ,rm
1903 1287 1992 1310 smus

1042 1323 1200 1359 Dominus
1238 1324 1384 1359 exaltavit
1424 1336 1454 1358 in
1493 1324 1603 1363 coelo.
1643 1324 1795 1359 catholica

1043 1373 1186 1408 Ecclesia
1205 1381 1372 1408 veneretur
1398 1373 1427 1407 in
1453 1381 1545 1412 terra,
1572 1373 1645 1420 quia
1674 1373 1797 1408 desan-

1043 1423 1149 1457 ctitate
1182 1423 1262 1457 vitae
1300 1434 1336 1456 ac
1364 1422 1523 1456 miraculis
1549 1423 1630 1461 eius,
1653 1422 1796 1469 diligenti

1043 1479 1073 1505 et
1105 1479 1221 1506 attenta
1255 1471 1478 1518 inquisitione,
1505 1483 1541 1505 ac
1567 1471 1797 1506 examinatione

1044 1520 1212 1560 distincta,
1252 1529 1282 1555 et
1312 1520 1445 1555 solemni
1482 1520 1681 1555 discussione
1709 1533 1799 1568 prae-

1044 1570 1162 1611 missis,
1185 1569 1307 1617 liquido
1329 1569 1482 1611 constitit,
1508 1569 1582 1604 licet
1603 1569 1682 1605 alias
1703 1571 1798 1605 etiam

1045 1627 1076 1654 et
1097 1619 1127 1654 in
1152 1619 1355 1666 propinquis,
1390 1627 1420 1653 et
1448 1619 1478 1665 in
1503 1619 1631 1654 remotis
1659 1619 1799 1666 partibus

1045 1669 1120 1703 satis
1142 1676 1248 1704 essent
1271 1668 1471 1715 praecognita
1494 1668 1596 1703 lucida
1625 1669 1694 1702 eius
1716 1677 1798 1708 acta,

1046 1730 1104 1752 nos
1135 1717 1174 1752 de
1201 1717 1363 1752 communi
1392 1718 1520 1751 fratrum
1558 1725 1737 1752 nostrorum
1768 1726 1799 1752 et

1047 1766 1258 1813 praelatorum
1292 1767 1435 1801 omnium
1470 1773 1545 1800 tunc
1576 1767 1658 1813 apud
1681 1766 1799 1802 Sedem

1046 1815 1262 1862 Apostolicam
1296 1815 1499 1850 existentium
1533 1815 1664 1850 consilio
1692 1825 1723 1851 et
1747 1828 1800 1851 as-

1047 1876 1162 1900 sensn.
1197 1864 1237 1899 de
1263 1864 1495 1911 omnipotentia
1530 1863 1636 1900 divina
1671 1865 1798 1909 confisi,

1046 1914 1230 1949 auctoritate
1253 1913 1414 1948 beatorum
1436 1913 1520 1948 Petri
1547 1921 1578 1948 et
1605 1914 1695 1949 Pauli
1723 1926 1800 1961 apo-

1047 1963 1212 2000 stolorum.
1234 1975 1270 1998 ac
1291 1972 1409 2003 nostra,
1432 1963 1532 2009 ipsam
1554 1963 1718 2010 cathalogo
1731 1976 1801 1998 san-

1047 2021 1167 2047 ctarum
1186 2011 1353 2058 Virginum
1378 2012 1528 2047 duximus
1549 2012 1797 2048 adscribendam.

1095 2065 1111 2104 ἕ
1144 2064 1194 2096 10.
1228 2061 1367 2108 Ideoque
1396 2061 1631 2097 universitatem
1666 2071 1798 2097 vestram

1048 2122 1217 2145 monemus
1244 2119 1273 2145 et
1304 2111 1467 2146 hortamur
1492 2119 1610 2146 attente
1646 2123 1700 2158 per
1721 2123 1800 2159 apo-

1047 2159 1157 2194 stolica
1176 2159 1266 2194 vobis
1286 2160 1402 2207 scripta
1423 2160 1618 2201 mandantes,
1641 2168 1799 2206 quatenus

1026 2241 1029 2246 ,
1050 2208 1149 2255 pridie
1172 2209 1243 2243 idus
1269 2209 1407 2255 augusti,
1431 2209 1542 2244 festum
1571 2209 1713 2244 eiusdem
1732 2209 1800 2244 Vir-

254 2257 310 2292 luti
330 2269 461 2304 prorsus
484 2256 771 2310 inutilemqpoterat
794 2258 928 2303 operari,
950 2257 1007 2291 fuit
1025 2249 1029 2305 l
1048 2258 1131 2302 ginis
1153 2257 1263 2292 devote
1285 2260 1467 2292 solemniter
1493 2257 1660 2293 celebretis
1691 2266 1721 2292 et
1752 2258 1800 2292 fa-

254 2307 292 2341 ad
314 2315 418 2342 actum
441 2318 532 2341 suum
558 2307 739 2352 pristinum,
762 2306 862 2352 ipsius
880 2314 1005 2340 sanctae

255 2356 387 2399 meritis,
414 2355 552 2402 plenarie
594 2355 770 2389 reformata.
807 2354 919 2399 Alius,
953 2356 1006 2402 qui

255 2405 377 2440 diutina
397 2405 546 2440 caecitate
579 2403 685 2439 lumen
716 2405 863 2439 amiserat
896 2406 1007 2439 oculo-

257 2466 340 2496 rum,
368 2466 441 2489 cum
468 2455 505 2488 ad
532 2453 615 2488 idem
637 2453 841 2500 sepulchrum
864 2453 923 2488 sub
945 2453 1008 2488 du-
1027 2461 1030 2487 1

257 2511 328 2549 catti
350 2503 478 2538 alterius
499 2504 698 2545 accessisset,
722 2510 905 2549 recuperato
929 2503 1007 2537 inibi

257 2551 346 2593 visu,
384 2552 475 2587 rediit
513 2552 628 2587 exinde
655 2563 722 2586 stne
762 2551 854 2586 duce.
883 2551 941 2586 His
977 2562 1007 2587 et

258 2601 501 2649 quamplurimis
522 2602 591 2636 aliis
612 2600 760 2648 operibus
782 2608 813 2635 et
833 2600 1007 2643 miraculis,

258 2649 335 2685 hacc
372 2650 558 2686 venerab‘lis
594 2652 679 2693 virgo
706 2649 900 2686 resplenduit
932 2650 1007 2686 elo—

1026 2307 1137 2362 {ciatis
1173 2318 1188 2341 a
1217 2308 1328 2341 vestris
1349 2307 1487 2341 subditis
1514 2307 1732 2342 venerabiliter
1746 2319 1800 2342 ce—

1026 2367 1029 2387 t
1048 2355 1174 2393 lebrari,
1200 2363 1232 2390 ut
1251 2356 1351 2403 ipsam
1374 2356 1489 2390 habere
1511 2356 1697 2391 mereamini
1715 2357 1799 2403 apud

1026 2393 1151 2454 {Deum
1175 2405 1258 2451 piam
1291 2413 1322 2439 et
1348 2405 1492 2440 sedulam
1532 2405 1731 2440 adiutricem.

1027 2490 1030 2496 ,
1098 2457 1113 2496 ξ
1144 2456 1197 2487 11.
1226 2453 1265 2488 Et
1291 2461 1325 2488 ut
1346 2454 1384 2489 ad
1410 2454 1627 2489 venerandum
1655 2455 1726 2490 eius
1747 2466 1800 2490 se-

1050 2503 1219 2550 pulchrum
1253 2503 1374 2537 aiidius
1400 2510 1429 2538 et
1455 2503 1615 2550 copiosius
1636 2503 1800 2539 christiani

1051 2552 1157 2599 populi
1193 2551 1331 2587 conssuat
1357 2552 1541 2597 multitudo,
1574 2565 1609 2587 ac
1644 2553 1801 2589 celebrius

1051 2602 1154 2647 ipsius
1182 2600 1330 2636 festixitas
1352 2601 1524 2640 recolatur,
1553 2602 1703 2638 omnibus
1730 2615 1801 2637 vere

1051 2650 1289 2696 poenitentibus
1316 2658 1344 2685 et
1372 2651 1540 2693 confessis,
1576 2652 1629 2695 qui
1661 2652 1702 2688 ad
1723 2651 1802 2687 illud

1811 1318 1893 1345 Virgine
1899 1324 1907 1339 ι
1916 1319 1952 1339 215
1957 1319 1995 1339 :zi-

1810 1350 1874 1370 bitur.

1827 2067 1875 2089 Eius
1921 2068 1997 2089 testum

1814 2104 1881 2120 annue
1888 2099 1999 2120 celebra-nr

1814 2130 1869 2149 dnm.

1829 2458 1962 2484 indulgentia
1973 2459 1999 2480 ad

1815 2491 1861 2512 etus
1925 2489 1999 2516 sepul-

1815 2520 1896 2542 chrum.
