2129 3223
391 217 462 250 676

341 291 459 317 storum
486 291 516 316 et
554 281 672 316 Christi
696 281 810 315 vicario
842 292 879 316 ac
904 292 1088 316 successore

341 331 468 379 praefati
491 330 714 385 Apostolorum
743 329 894 378 principis
932 339 1088 376 ageretur,

341 381 488 414 maiorem
518 379 627 426 utique
650 378 879 427 providentiam
907 387 939 414 et
960 378 1089 425 amplio-

340 441 404 464 rem
428 428 688 464 deliberationem
710 440 759 463 res
785 435 848 463 tam
870 428 966 463 ardua
989 427 1088 475 requi-

341 478 438 512 rebat.

387 526 408 573 S
435 530 466 561 5.
489 526 626 561 Demum
649 533 752 560 autem
776 534 846 574 post
875 526 1003 562 multam
1038 525 1089 560 di-

159 586 170 605 f
187 591 238 606 ctum
271 589 327 606 m
339 576 549 619 seussionem,
568 575 762 622 longumque
778 583 955 615 tractatum,
968 574 1006 609 ad
1023 586 1090 620 per-

191 617 252 637 ''p‘'
271 623 324 637 '¹²²⁶'
339 636 447 659 sonam
472 633 622 668 nostram,
644 636 717 659 cum
740 632 814 660 tunc
836 624 996 659 Ecclesiae
1018 623 1090 658 Hie-

339 674 581 722 rosolymitanae
602 680 747 719 gerentes
769 674 919 720 regimen,
940 685 996 720 pro
1022 673 1089 707 suis

339 723 471 768 negotiis
497 722 581 769 apud
609 722 725 757 Sedem
746 722 960 769 Apostolicam
984 734 1089 757 mora-

338 783 455 816 remur,
483 783 540 807 sua
568 771 757 806 unanimiter
779 771 872 806 corda
900 780 930 805 et
969 771 1090 806 animos

339 820 536 855 concorditer
557 827 790 863 converterunt,
812 819 994 855 direxerunt
1021 828 1089 854 vota

338 876 368 903 et
395 869 558 903 firmavere
585 880 769 903 consensus.
798 869 838 903 Et
862 869 1005 916 quamvis
1039 869 1089 902 in·

339 926 386 952 ter
412 930 466 953 eos
492 926 610 957 essent,
631 918 684 964 qui
707 917 802 951 veluti
830 917 992 964 digniores
1021 918 1090 952 sci-

340 966 455 1001 vissent
476 975 506 1001 et
534 967 709 1013 potuissent
731 966 856 1013 plenius
881 974 911 1001 et
946 965 1090 1001 laudabi-

340 1015 401 1050 lius
416 1023 537 1050 tantum
553 1015 692 1050 officium
716 1027 874 1056 exercere,
897 1027 1089 1062 quamquam

339 1065 431 1099 etiam
455 1065 573 1099 multos
599 1072 683 1099 extra
707 1076 800 1098 suum
837 1063 1006 1111 collegium
1035 1076 1091 1099 eo-

341 1125 408 1147 rum
447 1114 571 1152 anxiae,
605 1113 787 1158 cogitationi
815 1121 845 1147 et
882 1113 1089 1160 explorationi

339 1162 443 1197 solerti
467 1162 606 1197 mundus
622 1161 757 1203 offerret,
776 1162 894 1209 quibus
913 1170 1022 1209 utpote
1037 1173 1093 1209 po-

340 1211 470 1245 tioribus
504 1211 605 1257 magis
633 1211 792 1245 decuisset
832 1211 950 1258 imponi
986 1219 1091 1246 tantae

340 1261 492 1294 sarcinam
517 1260 691 1306 dignitatis,
720 1259 780 1307 ipsi
810 1268 915 1295 tamen
954 1267 1090 1295 nostram

340 1308 590 1343 insufficientiam
613 1309 748 1344 aliorum
770 1308 975 1344 sufficientiae
1002 1321 1092 1356 prae-

340 1357 492 1401 tulerunt,
513 1369 570 1391 nos
596 1358 634 1392 ad
657 1358 773 1392 summi
797 1358 997 1404 pontificatus
1018 1358 1092 1405 api-

342 1418 410 1441 cem
438 1406 651 1440 communiter
672 1406 835 1452 eligentes.

389 1455 410 1501 S
433 1457 464 1489 4.
487 1454 772 1490 Considerantibus
800 1455 904 1501 itaque
922 1454 1014 1489 nobis
1030 1454 1092 1489 dis-

158 1504 513 1551 .45⁵020n1÷ificultatem
541 1503 722 1538 huiusmodi
751 1503 857 1547 officii,
890 1510 921 1537 et
953 1503 1092 1538 laborem

145 1548 328 1602 ᾞζζοωζζξὲῗζῗ
343 1564 379 1588 ac
400 1552 591 1608 apostolicae
618 1552 785 1587 cathedrae
815 1552 1093 1598 praecellentiam

147 1613 176 1627 ⁸⁴³>
344 1601 469 1648 quaein
483 1613 516 1635 se
538 1601 767 1648 praesidentem
792 1601 872 1635 sicut
886 1600 987 1635 altiori
1006 1612 1094 1648 prae·

344 1650 402 1684 sert
422 1650 555 1693 honore,
585 1649 630 1685 sic
669 1650 782 1696 premit
817 1662 914 1684 onere
949 1650 1095 1696 graviori,

345 1707 374 1734 et
390 1698 623 1733 attendentibus
645 1698 919 1744 imperfectionem
955 1706 1093 1733 nostram

346 1747 567 1795 multiplicem,
605 1759 640 1782 ac
677 1747 754 1782 tanti
786 1746 937 1802 ponderis
981 1747 1094 1782 molem

347 1796 551 1832 imbecillitati
588 1804 713 1831 nostrae
747 1796 875 1843 penitus
910 1795 1095 1852 importabi-

346 1847 420 1886 lem,
442 1857 635 1881 concussum
658 1853 706 1880 est
729 1845 808 1880 intra
835 1857 893 1880 nos
920 1846 1018 1880 nimio
1037 1854 1096 1880 stu

348 1907 422 1942 pore
445 1907 498 1929 cor
526 1902 680 1939 nostrum,
701 1902 732 1929 et
758 1895 942 1942 expavimus
965 1906 1000 1929 ac
1027 1894 1098 1930 hae-

347 1944 510 1980 sitavimus
534 1943 744 1987 veliementer,
771 1943 920 1991 quoniam
949 1944 999 1978 vix
1023 1956 1097 1990 par-

349 1993 494 2029 ticulares
515 1992 595 2028 serre
621 1992 759 2028 valentes
794 1992 928 2039 vigilias,
960 1993 998 2027 ad
1027 1993 1100 2027 uni-

349 2043 502 2078 versalem
524 2042 686 2090 speculam
716 2041 913 2083 vocabamur,
943 2049 973 2076 et
1017 2041 1099 2076 into-

349 2092 476 2127 lerabile
503 2091 665 2138 apostolici
698 2090 866 2125 ministerii
905 2091 1014 2137 iugum
1051 2090 1100 2125 in-

350 2141 510 2176 serebatur
536 2141 687 2175 instanter
708 2139 878 2174 debilitatis
901 2147 1024 2174 nostrae
1036 2152 1101 2174 cer-

352 2191 426 2230 vici,
453 2202 489 2225 ac
510 2190 694 2225 meritorum
721 2188 905 2235 suffragium
935 2200 996 2223 non
1038 2188 1101 2223 ha-

352 2240 462 2274 bentes
483 2238 688 2286 angebamur,
715 2237 753 2273 ad
776 2237 993 2284 suscipiendas
1023 2250 1101 2284 apo-

352 2289 421 2323 stoli
446 2288 528 2322 Petri
567 2287 679 2331 claves,
713 2296 743 2322 et
771 2287 946 2333 gerendum
986 2286 1100 2333 ligandi

353 2345 447 2385 atque
473 2337 612 2372 solvendi
636 2337 833 2384 pontificium
855 2348 950 2383 super
978 2347 1098 2370 omnes.

353 2386 579 2421 Verumtamen
607 2398 646 2420 ne
674 2385 852 2421 videremur
873 2397 953 2432 opus
978 2385 1103 2420 divinae

355 2435 568 2483 providentiae
591 2434 757 2482 impedire,
775 2443 827 2470 aut
856 2434 939 2469 nolle
966 2434 1104 2469 volunta-

356 2492 417 2519 tem
441 2493 579 2519 nostram
601 2496 659 2519 suo
680 2484 878 2532 beneplacito
896 2483 1103 2523 conformare.

356 2545 392 2568 ac
430 2545 470 2569 ne
497 2533 591 2569 corda
630 2533 803 2569 electorum
837 2532 1018 2575 concordia,
1049 2544 1105 2580 per

358 2580 536 2618 dissensum
560 2590 715 2629 nostrum,
751 2582 788 2618 ad
817 2581 1005 2617 discordiam
1034 2593 1106 2617 ver-

146 230 193 254 An,
214 228 239 253 C.
263 229 324 254 {⁴261

934 225 1123 248 BULLARIUM
1150 223 1315 247 ROMANUM

1130 288 1281 321 teremus,
1308 278 1520 314 voluntatibus
1548 277 1676 313 tandem
1716 275 1877 325 acquievi-2

1130 341 1202 364 mus
1213 327 1412 372 eorumdem,
1425 327 1651 363 submittentes
1667 334 1794 362 nostros
1815 325 1877 360 im-

1130 385 1275 425 potentes
1313 376 1463 413 humeros
1495 376 1534 412 ad
1568 375 1779 432 portandum:
1813 387 1875 409 non

1129 427 1214 474 quod
1237 427 1276 462 de
1304 426 1408 474 aliqua
1441 434 1546 462 nostra
1576 426 1692 461 virtute
1730 424 1876 460 fiduciam

1130 476 1315 515 habeamus,
1337 475 1390 511 sed
1421 476 1493 523 quia
1533 487 1698 522 speramus
1736 475 1766 509 in
1798 473 1878 529 lllo,

1129 526 1182 572 qui
1205 525 1400 560 confidentes
1426 525 1456 559 in
1475 537 1509 559 se
1536 536 1599 561 non
1639 523 1780 578 deserit,
1815 523 1879 558 imo

1131 575 1283 622 propitius
1302 574 1391 609 adest
1413 574 1458 609 eis
1475 573 1598 608 auxiliis
1613 572 1811 620 opportunis;
1826 574 1878 620 qui

1129 623 1303 658 Ecclesiam
1347 635 1498 670 sponsam
1540 633 1629 657 suam
1669 621 1708 657 de
1750 621 1877 656 sublimi

1130 673 1206 707 coeli
1226 672 1305 708 solio
1332 673 1473 707 intuetur
1495 670 1739 706 misericorditer
1760 678 1791 705 et
1819 679 1881 705 tue

1130 728 1192 765 tur,
1213 734 1248 756 ac
1272 721 1396 769 pietatis
1417 733 1493 756 suae
1523 719 1688 755 beneficiis
1721 731 1785 755 non
1824 719 1881 755 de-

1130 770 1204 805 sinit
1225 771 1372 806 exaltare.

1178 819 1198 866 g
1220 824 1252 854 5.
1275 819 1513 865 Vestrisigitur,
1535 826 1565 853 et
1578 817 1712 853 aliorum
1724 817 1881 864 suffragiis

1131 877 1259 915 propter
1292 868 1565 915 imperfectionem
1597 874 1736 901 nostram
1781 866 1881 913 pluri-

1132 929 1218 951 mum
1250 917 1439 963 indigentes,
1476 916 1711 950 universitatem
1745 922 1881 950 vestram

1133 965 1318 1001 fiducialiter
1339 966 1542 1012 requirimus,
1555 972 1587 1000 et
1608 964 1759 999 attentius
1771 964 1883 999 exhor·

1133 1023 1246 1056 tamur,
1270 1022 1428 1061 quatenus
1449 1014 1574 1049 assidua
1601 1025 1660 1048 nos
1680 1012 1765 1060 apud
1777 1012 1880 1048 Deum

1132 1063 1357 1098 intercessione
1378 1063 1503 1106 iuvetis,
1534 1062 1693 1098 solventes
1731 1074 1789 1110 pro
1823 1074 1882 1097 no-

1132 1120 1196 1147 stro
1217 1112 1334 1147 auxilio
1355 1111 1506 1158 linguas
1499 1124 1530 1146 in
1549 1122 1669 1159 preceS,
1696 1119 1727 1146 et
1754 1111 1786 1146 in
1808 1123 1881 1146 ora-

1133 1162 1234 1196 tiones
1254 1161 1334 1196 labia
1356 1169 1549 1202 exercentes,
1571 1160 1781 1195 humilitatem
1819 1172 1883 1195 no-

1132 1218 1227 1245 stram
1275 1210 1333 1245 sibi
1380 1209 1562 1245 affectuosis
1599 1209 1884 1257 supplicationibus

1132 1259 1396 1300 commendando,
1418 1268 1448 1294 et
1477 1257 1754 1306 deprecationibus
1785 1270 1884 1305 penes

1134 1308 1237 1355 ipsum
1267 1308 1414 1343 instando
1447 1308 1591 1349 devotis,
1624 1315 1661 1342 ut
1695 1319 1792 1353 super
1827 1320 1884 1342 nos

1134 1356 1265 1392 imbrem
1288 1357 1406 1404 gratiae
1432 1369 1509 1392 suae
1527 1356 1626 1404 pluat,
1647 1364 1678 1392 et
1698 1368 1802 1391 rorem
1833 1368 1883 1391 so-

1134 1406 1205 1440 litae
1249 1406 1448 1453 benignitatis
1480 1405 1637 1447 infundat,
1665 1404 1762 1453 quod,
1797 1413 1886 1440 actus

1134 1463 1258 1490 nostros
1290 1455 1461 1502 dirigentes
1498 1455 1565 1489 ad
1559 1467 1675 1501 ipsum,
1709 1453 1883 1489 Ecclesiam

1134 1515 1235 1542 suam,
1258 1516 1352 1551 quarn
1376 1504 1466 1538 nobis
1479 1504 1677 1540 committere
1704 1502 1814 1542 voluit,
1833 1515 1884 1537 sa-

1135 1551 1267 1586 lubriter
1294 1564 1413 1599 regere,
1445 1564 1481 1586 ac
1520 1551 1560 1586 de
1594 1551 1742 1586 universo
1785 1551 1885 1598 ipsius

1135 1613 1240 1647 grege,
1263 1601 1439 1647 vigilantiae
1462 1608 1586 1636 nostrae
1612 1600 1743 1644 credito,
1776 1612 1884 1635 curam

1136 1661 1245 1693 gerere
1267 1649 1419 1694 debitam,
1445 1649 1527 1684 sicut
1552 1648 1690 1695 expedit,
1712 1649 1884 1684 valeamus.

1135 1699 1200 1734 Nos
1223 1710 1297 1733 vero
1317 1697 1448 1733 firmiter
1475 1698 1507 1733 in
1533 1698 1640 1733 animo
1661 1698 1802 1745 gerimus
1832 1710 1887 1732 ro-

1137 1748 1185 1782 bis
1206 1755 1235 1782 et
1267 1747 1377 1782 vestris
1411 1747 1564 1782 Ecclesiis
1595 1746 1746 1793 benignis
1775 1746 1887 1782 adesse

1139 1796 1313 1844 praesidiis,
1336 1803 1537 1844 vestrumque
1563 1795 1740 1843 profectum
1767 1795 1888 1831 condi-

1138 1845 1209 1892 gnis
1232 1845 1390 1881 favoribus
1412 1856 1592 1892 procurare.

1188 1894 1303 1930 Datum
1342 1894 1473 1935 Viterbii
1517 1905 1626 1930 mense
1675 1893 1888 1941 septembris,

1140 1944 1337 1991 pontificatus
1360 1944 1456 1979 nostri
1479 1955 1564 1986 anno
1587 1943 1700 1991 primo.

1156 2006 1217 2037 Dat.
1241 2015 1340 2036 mense
1356 2006 1534 2047 septembris
1553 2005 1639 2043 1261,
1657 2009 1736 2045 pont.
1761 2014 1836 2035 anno
1851 2014 1870 2034 ι.

1499 2145 1537 2179 ll.

1143 2218 1332 2263 Approbaeio
1344 2218 1462 2251 ordinis
1478 2218 1610 2252 Militiae
1631 2217 1746 2250 Beatae
1766 2216 1892 2249 Mariae

1199 2267 1333 2311 Viryinis
1356 2267 1511 2311 gloriosae
1534 2267 1590 2301 sub
1619 2267 1758 2310 regulari
1789 2266 1893 2300 obser-

1192 2317 1298 2350 vantia
1316 2316 1396 2350 beati
1421 2316 1590 2361 Augustini
1609 2313 1670 2361 (1).

1407 2382 1623 2414 SUMMARIUM

1145 2447 1171 2476 ¹1.
1194 2446 1382 2477 Prooemium.
1403 2463 1442 2469 —
1468 2446 1496 2476 ⁴2.
1522 2446 1546 2476 A
1567 2445 1677 2485 quibus
1704 2445 1776 2474 haec
1804 2443 1893 2474 fuerit

1185 2490 1316 2521 instituta
1328 2490 1439 2526 Militia,
1450 2499 1500 2529 pro
1511 2499 1568 2529 qua
1575 2488 1692 2528 regulae
1703 2497 1719 2518 a
1732 2487 1808 2527 Papa
1819 2488 1894 2528 peti-

1186 2537 1239 2564 tae.
1250 2551 1289 2557 -
1298 2534 1325 2565 3.
1337 2533 1448 2565 Nomen
1460 2533 1577 2564 Militiae
1587 2532 1683 2573 quale.
1696 2532 1764 2562 —t.
1775 2531 1894 2572 Regula.

1180 2592 1220 2627 (t)
1241 2591 1279 2619 Ex
1297 2592 1391 2627 Regest
1423 2591 1507 2620 vatic.

1893 218 1940 245 An.
1962 218 1992 245 C.
2006 218 2068 245 ¹26¹

1909 825 1988 847 Omnes
2004 829 2027 847 ut
2040 833 2078 854 pro

1895 857 1941 882 ipso
1965 856 1990 876 ad
2013 855 2078 878 Deum

1896 889 2078 913 crunni-eentum
