2129 3223
1670 266 1711 295 ⁴53

1066 328 1168 377 Super
1185 341 1222 363 eo
1243 333 1379 372 veroli),
1395 330 1507 378 quoda
1520 329 1607 365 nobis
1619 328 1762 364 similiter
1802 334 1933 357 Gonu-¹²⁸⁰·

1778 366 1857 387 matrim
1918 368 1956 388 nub

1018 378 1192 426 postulasti,
1218 386 1320 413 utrum
1344 379 1410 419 ille,
1448 379 1500 427 qui
1529 379 1560 414 in
1593 377 1759 433 quamdam
1776 397 1897 418 eonium„
1916 404 1956 418 m.

1017 429 1179 463 mulierem
1213 429 1385 469 consensit,
1418 430 1442 463 si
1472 436 1558 476 pater
1581 440 1649 463 eius
1676 427 1955 463 vide-''⁰⁹¹⁰''³¹³·”⁰‘¹

1777 459 1865 486 compell
1877 463 1908 480 tur
1917 466 1957 480 rna-

1017 478 1086 513 licet
1121 490 1212 513 suum
1250 484 1418 525 praestaret
1456 489 1632 521 assensum,
1671 477 1695 512 si
1724 477 1760 512 ad
1776 490 1894 511 «remam-‚m
1909 497 1957 511 rnn-

1777 526 1857 541 sumam
1909 525 1957 541 ³¹1¹·

1016 526 1299 562 consummandum
1335 527 1571 562 matrimonium
1604 527 1643 561 sit
1673 538 1903 573 com-mmmm„
1933 558 1957 572 ,,

874 275 1017 299 FRBANUS
1039 275 1074 298 ΠΙ
1098 275 1146 297 ΡΡ.
1778 274 1823 300 ΑΙΙ4
1844 274 1870 300 Ε.
1892 274 1956 300 11*ὶῆ

34 278 79 305 An.
98 276 126 304 C.
147 277 213 304 ¹¹86

565 330 645 365 VIII.

233 404 393 448 Responsio
423 404 465 437 ad
495 404 726 438 consultationes
766 404 808 436 M.
835 404 976 436 Cenoma-

432 454 529 486 nensis
555 453 686 497 episcopi
708 454 768 494 (4).

499 525 711 557 SUMMARIUM

65 1034 172 1057 cnidium

48 1281 118 1301 §evisa
133 1283 182 1302 tvti

46 2017 95 2040 tim
116 2019 212 2046 pendeu-

31 2052 60 2071 tia
82 2055 144 2077 super
167 2056 213 2071 ma-

31 2081 129 2102 trimonio
170 2086 212 2101 non

32 2112 117 2140 impedit
133 2117 212 2133 secuu-

33 2143 78 2164 dum
103 2144 213 2164 matrimo-

33 2174 88 2195 nium
117 2173 212 2195 contr-hi

33 2204 49 2224 ιῐ
65 2205 150 2228 primum
166 2207 212 2225 ent

32 2233 116 2256 nulium.

229 587 394 619 Exordium.
417 605 454 612 -
478 588 576 619 Series
596 587 674 618 tacti.
697 604 736 611 --
754 588 825 619 Litis
846 588 975 628 penden-

268 634 306 664 tia
325 642 413 672 super
431 632 617 662 matrimonio
639 642 696 662 non
719 633 840 672 impedit
864 641 973 662 secun-

268 677 336 708 dum
374 677 592 708 matrimonium
626 677 759 707 contrahi
792 678 815 706 si
847 678 973 716 primum

268 725 328 752 erat
352 722 476 752 nullum.
500 739 538 744 —
564 720 746 751 Contrahens
771 722 895 751 matrim.
919 720 974 751 sub

266 767 433 797 conditione
449 776 506 796 non
525 766 697 806 improbata,
710 775 766 796 non
789 765 975 804 compellitur

267 811 484 842 matrimonium
513 819 686 840 consumare
705 815 768 840 ante
797 809 974 840 conditionis

267 860 410 887 eventum.

329 922 451 952 Urbanus
469 922 503 951 m.
525 922 713 951 cenomansi-ist
732 921 866 958 episcopo.

275 984 356 1020 Cum
380 985 411 1019 in
434 983 612 1031 Apostolica
635 983 718 1018 Sede
744 987 803 1027 (⁹2),
824 984 874 1017 cui
904 983 975 1018 licet

229 1034 374 1069 immeriti
398 1033 624 1081 praesidemus,
654 1032 866 1079 magisterium
903 1033 975 1067 resi-

228 1083 298 1119 deat
319 1084 414 1119 totius
439 1082 667 1118 ecclesiasticae
681 1082 882 1128 disciplinae:
919 1081 974 1116 di-

228 1145 323 1179 gnum
346 1141 391 1167 est
414 1140 443 1167 et
471 1144 646 1167 consonum
676 1132 799 1169 rationi,
835 1138 868 1165 ut
895 1143 975 1178 quo-

230 1182 289 1217 ties
308 1181 390 1217 circa
413 1181 570 1227 negotium
594 1180 755 1215 Ecclesiae
773 1179 892 1227 aliquid
914 1180 974 1214 du-

231 1230 352 1266 bietatis
380 1231 518 1269 emersit,
539 1229 577 1264 ad
606 1229 705 1277 ipsius
739 1229 975 1264 deliberationis

230 1279 390 1314 arbitrium
420 1286 606 1314 recurratur.
634 1278 849 1313 Intelleximus
873 1278 974 1325 siqui-

230 1329 314 1372 dem,
335 1328 418 1375 quod
443 1329 522 1363 inter
543 1325 679 1362 villicum
703 1327 742 1362 de
776 1327 911 1362 Herneia
944 1335 974 1362 et

231 1389 358 1412 uxorem
371 1378 441 1412 eius
460 1389 562 1412 coram
584 1385 613 1411 te
627 1376 768 1424 quaestio
784 1376 972 1411 matrimonii

230 1433 420 1465 tractaretur,
435 1433 464 1459 et
483 1425 641 1472 productis
663 1424 806 1469 testibus,
819 1432 849 1459 et
865 1437 972 1459 eorum

229 1474 509 1510 examinationibus
529 1474 670 1520 diligenti
691 1474 835 1508 examine
857 1473 972 1508 discus-

229 1524 288 1564 sis,
333 1532 404 1559 ante
451 1523 692 1571 publicationem
733 1523 814 1558 idem
850 1523 973 1558 villicus

229 1585 370 1608 reversus
391 1572 428 1607 ad
457 1573 598 1620 propria,
628 1572 754 1620 publice
788 1572 867 1607 inter
889 1585 921 1606 se
943 1581 973 1607 et

229 1634 357 1657 uxorem
388 1634 476 1656 suam
510 1622 673 1668 proposuit
706 1621 891 1656 senteutiam
921 1621 972 1656 di-

230 1671 316 1706 vortii
339 1671 452 1707 iudicio
472 1671 630 1706 Ecclesiae
649 1683 717 1705 esse
734 1670 970 1717 promulgatam:

229 1728 259 1755 et
282 1720 326 1756 sic
347 1728 491 1767 suggesta
515 1720 662 1755 omuibus
684 1720 831 1764 salsitate,
858 1732 972 1767 quam-

228 1769 299 1805 dam
325 1769 416 1805 aliam
440 1769 603 1804 mulierem
629 1769 699 1804 sacti
728 1769 877 1809 nesciam,
912 1769 971 1804 sibi

226 1818 372 1866 copulare
402 1819 621 1867 praesumpsit.
656 1818 862 1853 Postmodum
898 1831 972 1853 vero

225 1881 321 1914 super
336 1868 449 1915 prioris
470 1867 658 1902 matrimonii
675 1869 857 1914 quaestione
873 1867 971 1903 literis

226 1929 242 1950 a
264 1916 346 1952 Sede
369 1916 544 1963 Apostolica
564 1917 746 1964 impetratis,
771 1917 903 1964 delegati
921 1917 972 1951 lu-

227 1965 314 2001 dices
356 1966 543 2001 sententiam
588 1965 711 2001 divortii
761 1966 969 2014 protulerunt.

229 2014 320 2050 Unde
348 2015 421 2063 quia
445 2015 581 2050 villicum
611 2023 642 2050 et
671 2016 846 2056 mutierem,
876 2029 969 2063 quam

227 2064 500 2113 superinduxerat,
517 2064 672 2112 pendente
692 2065 744 2100 lite
761 2066 875 2112 prioris
898 2079 971 2100 uxo-

228 2126 280 2154 ris,
311 2126 444 2149 invicem
470 2126 582 2149 asseris
613 2123 805 2149 consentire:
836 2123 886 2149 tna
915 2128 971 2150 nos

227 2162 316 2198 duxit
336 2162 510 2198 fraternitas
524 2163 747 2200 consulendos.
771 2173 874 2199 utrum
894 2164 971 2199 tales

226 2212 290 2248 siut
320 2213 357 2248 ad
397 2213 628 2248 matrimonium
668 2213 862 2248 admittendi.
908 2213 971 2249 Nos

226 2271 330 2298 autem
364 2262 546 2297 auctoritate
580 2263 789 2309 praesentium
823 2271 891 2298 tuae
919 2277 970 2297 so·

226 2311 380 2346 licitudini
410 2310 653 2358 respondemus,
674 2312 757 2358 quod
782 2313 923 2360 imposita
942 2314 968 2348 ei

228 2361 418 2408 poenitentia
454 2362 664 2408 competenti,
702 2369 731 2395 et
766 2362 845 2396 infra
873 2362 971 2408 ipsius

227 2410 435 2456 poenitentiae
471 2418 594 2457 tempus
632 2410 746 2445 carnali
782 2412 970 2446 commercio

226 2458 405 2501 interdicto,
424 2458 626 2507 postmodum
649 2459 680 2494 in
709 2460 839 2495 maritali
858 2460 969 2508 copula

226 2516 372 2555 poterunt
399 2520 571 2544 remanere.

261 2579 301 2614 (Ι)
326 2580 363 2606 Ex
392 2579 542 2615 Appendice
565 2579 597 2606 ad
622 2580 721 2606 Concil.
746 2580 897 2607 Lateranen.
925 2581 969 2612 tlt,

225 2627 283 2655 cap.
303 2628 340 2652 vr,
360 2620 404 2646 2¹.
442 2619 482 2654 (2)
501 2619 564 2654 Cap.
584 2619 652 2645 Cum
671 2622 695 2644 in
714 2620 922 2652 A110stolic.‚18‚
936 2622 971 2646 Dc

225 2662 338 2692 sponsat.
355 2664 378 2686 et
395 2662 514 2686 matrim.

1017 577 1194 624 pellendus:
1218 588 1279 611 non
1299 577 1404 612 minus
1427 576 1667 624 respondemus,
1688 577 1760 623 quia

1016 638 1085 661 cum
1113 638 1261 661 assensus
1283 625 1359 661 liber
1386 626 1445 660 dici
1475 637 1535 661 non
1565 626 1673 672 possit,
1708 627 1759 673 qui

1015 676 1116 711 alieno
1139 684 1312 711 reservatur
1352 675 1479 709 arbitrio
1513 687 1547 710 ac
1575 674 1761 719 conditioni,

1016 725 1117 772 ipsum
1141 725 1288 760 canonica
1314 737 1374 759 non
1399 723 1575 771 improbant
1599 724 1759 760 instituta.

1015 787 1093 822 quae
1126 782 1300 810 consonant
1335 774 1508 817 honestati,
1536 774 1592 808 nisi
1623 774 1762 808 voluntas

1017 824 1110 870 patris
1128 823 1326 871 postmodum
1351 822 1541 866 intercedat,
1564 835 1760 870 nequaquam

1014 873 1051 908 ad
1078 873 1326 909 contrahendum
1361 872 1593 908 matrimonium
1630 881 1677 907 est
1708 885 1761 908 co-

1015 923 1147 968 gendus.
1172 923 1250 958 Nam
1271 923 1341 958 licet
1369 922 1418 958 tet.
1439 921 1558 957 record.
1584 921 1763 957 Alexander

1016 972 1097 1019 Papa
1120 972 1342 1020 praedecessor
1365 979 1469 1006 noster
1491 972 1521 1006 in
1541 972 1608 1005 suis
1623 971 1762 1006 videatur

1015 1021 1296 1056 consultationibus
1336 1020 1554 1068 respondisse,
1587 1020 1670 1067 qnod
1707 1021 1762 1056 de—

1014 1072 1170 1117 sponsalia
1212 1071 1391 1116 interposita
1432 1070 1613 1105 conditione
1659 1078 1761 1114 certa,

1015 1120 1193 1155 conditione
1216 1121 1280 1167 ipsa
1305 1120 1435 1155 minime
1449 1119 1622 1156 observata.
1645 1120 1670 1154 si
1690 1132 1763 1155 con-

1015 1181 1126 1204 sensus
1149 1169 1186 1204 de
1213 1169 1366 1216 praesenti
1396 1168 1588 1211 intercedat,
1623 1169 1668 1203 vel
1693 1181 1761 1204 car-

1016 1219 1094 1254 nalis
1127 1219 1238 1266 copula
1269 1218 1497 1265 subsequatur,
1533 1217 1660 1253 dissolvi
1698 1231 1759 1253 non

1015 1268 1138 1303 debent.
1154 1268 1206 1303 scd
1225 1268 1354 1302 firmiter
1367 1267 1538 1302 observari:
1563 1279 1759 1315 nequaquam

1015 1326 1061 1351 est
1102 1325 1224 1351 nostrae
1262 1316 1439 1351 diffinitioni
1467 1316 1670 1359 contrarium,
1709 1318 1759 1352 cui

1015 1366 1195 1401 huiusmodi
1231 1378 1405 1400 consensus
1438 1378 1634 1412 nequaquam
1657 1365 1695 1400 sit
1722 1365 1761 1400 de

1016 1416 1169 1462 praesenti
1193 1415 1375 1456 habendus,
1411 1414 1483 1450 licet
1513 1427 1566 1461 per
1600 1414 1691 1449 verba
1722 1415 1761 1449 de

1014 1465 1167 1512 praesenti
1191 1464 1364 1500 evidentius
1395 1464 1599 1512 exprimatur,
1621 1464 1705 1510 quod
1729 1465 1759 1499 in

1013 1514 1115 1549 alieno
1146 1514 1273 1549 arbitrio
1296 1526 1357 1548 nou
1381 1513 1487 1548 habito
1511 1513 1564 1548 sed
1595 1513 1760 1553 habendo,

1013 1564 1198 1605 consistunt,
1217 1564 1307 1598 aliam
1325 1572 1426 1597 tamen
1447 1575 1508 1598 non
1530 1570 1630 1609 potest
1645 1562 1760 1598 ducere

1015 1626 1141 1647 uxorein
1166 1617 1220 1647 {Qu

1362 1748 1412 1783 tx.

1015 1822 1125 1855 Libello
1160 1822 1313 1855 citationis
1350 1829 1419 1855 ante
1451 1822 1566 1855 obitum
1592 1822 1760 1866 delegantis

1058 1871 1225 1916 proposito,
1255 1872 1305 1904 lite
1329 1878 1395 1915 post
1421 1871 1484 1904 eius
1508 1872 1623 1905 obitum
1657 1877 1759 1903 conte—

1060 1927 1151 1958 stata,
1179 1927 1274 1965 potest
1303 1920 1337 1953 in
1369 1932 1462 1954 causa
1485 1921 1648 1965 procedere
1677 1921 1760 1953 dete-

1059 1977 1158 2014 yatus.
1185 1970 1247 2010 Qui
1273 1971 1363 2003 etiam
1385 1971 1427 2004 ad
1444 1971 1656 2014 producendos
1678 1976 1759 2003 testes

1060 2020 1199 2053 inducias
1217 2020 1396 2064 postulavit,
1420 2020 1539 2054 videtur
1559 2019 1761 2065 appellationi

1061 2070 1239 2103 renunciare
1262 2070 1319 2111 (3).

1280 2137 1496 2169 SUMMARIUM

1012 2199 1176 2230 Exordium.
1196 2216 1234 2221 —
1262 2199 1445 2239 Propositum
1468 2200 1563 2240 Papae
1585 2200 1758 2239 dubium,ut

1052 2245 1080 2274 in
1097 2244 1187 2274 titulo:
1206 2261 1244 2267 --
1263 2244 1390 2284 Eiusque
1406 2253 1580 2284 responsum
1598 2245 1639 2282 (n.
1655 2244 1704 2279 r).

1010 2311 1128 2341 urbanus
1146 2312 1213 2343 etc„
1239 2310 1382 2339 abbatibus
1398 2312 1429 2340 de
1449 2310 1578 2340 wettenae
1600 2312 1630 2339 ot
1648 2312 1681 2339 de
1699 2311 1755 2339 sule

1054 2358 1173 2385 vastum.

1060 2419 1190 2454 Gratum
1211 2418 1351 2465 gerimus
1378 2423 1422 2461 (4)
1448 2427 1479 2454 et
1496 2426 1658 2466 acceptum
1671 2420 1754 2466 quod

1011 2470 1043 2503 in
1083 2468 1216 2515 negotiis
1253 2469 1430 2503 commissis
1476 2476 1593 2504 vestrae
1627 2469 1755 2505 iurisdi-

1046 2539 1085 2573 (1)
1101 2539 1165 2574 Cap.
1183 2547 1266 2571 ouper-
1281 2547 1319 2570 eo,
1336 2538 1400 2574 §De
1410 2541 1606 2572 condit.appos.
1639 2539 1678 2574 (²)
1695 2541 1753 2567 Dat.

1011 2579 1107 2605 dicitur
1126 2587 1195 2606 anno
1212 2579 1288 2606 ¹¹86.
1327 2580 1366 2613 (3)
1383 2579 1420 2605 Ex
1441 2579 1592 2614 Appendice
1606 2579 1637 2606 ad
1654 2580 1753 2607 Concil.

1012 2619 1306 2651 Lateran.111,Concil.,
1319 2622 1380 2645 tom.
1398 2626 1456 2650 xiii,
1472 2619 1521 2646 col.
1539 2619 1600 2646 605.
1639 2620 1678 2654 (lt)
1689 2620 1751 2655 Cap.

1011 2660 1134 2692 Gratum,
1151 2660 1195 2691 ΞΟ,
1209 2661 1246 2686 De
1265 2659 1334 2692 offic.
1355 2661 1378 2684 et
1393 2662 1484 2691 potest,
1504 2661 1595 2685 iudicis
1611 2661 1727 2693 delegati.

1778 586 1868 604 remum.

1802 2429 1909 2451 Exordium
