2129 3223
37 261 86 290 An.
107 261 135 290 G.
150 262 215 289 1285

47 366 146 394 Quartum
177 367 215 388 du-

35 397 96 420 unm.

57 759 179 789 Rumon-to.

35 2317 204 2342 nurmandiae—

24 2349 149 2372 nutatione·
171 2351 204 2372 el-

22 2381 108 2402 vitotum
122 2382 204 2409 eapitu-

24 2411 102 2433 'trihus
126 2413 204 2434 inuert-

12 2440 111 2465 ludeo.

812 263 1006 287 ALEXANDER
1050 262 1084 286 lv
1114 263 1161 286 PP.

1633 255 1704 288 613

278 317 298 365 S
320 321 351 353 6.
379 317 529 360 Quartum
547 329 617 352 vero
632 323 749 352 vestrae
765 317 969 353 dubitationis
1010 317 1140 353 aliorum
1163 318 1313 355 cordibus
1326 319 1544 367 ambiguitates
1560 320 1751 365 huiusmodi,

229 367 400 413 capitulum
422 366 604 406 enodamus,
626 366 709 414 quod
749 367 888 403 videlicet
904 395 912 408 ,
942 368 967 402 si

228 415 373 452 dominus
409 414 533 455 domus,
561 427 616 463 pro
652 428 689 451 eo
721 416 805 463 quod
838 417 868 451 in
902 417 967 464 ipsa

229 474 371 513 repertus
392 464 484 501 suerit
517 465 690 500 haereticus
723 466 770 500 vel
804 466 966 507 haeretica,

227 515 296 550 sine
316 526 372 563 spe
393 514 641 550 reaedificationis
673 514 814 550 funditus
846 515 968 551 destru-

227 564 338 606 endae,
371 563 482 600 habeat
522 564 597 600 alias
629 564 740 599 domos
778 564 820 598 illi
860 565 966 600 domui

226 613 442 649 demoliendae
463 615 637 661 contiguas,
659 625 769 649 omnes
795 614 865 649 illae
885 615 968 650 simi-

226 663 295 698 liter
315 663 523 698 destruantur.

273 713 294 760 S
316 715 346 747 7.
370 712 448 747 Illud
475 712 514 747 de
540 712 734 759 appendiciis
751 712 864 748 domus
884 712 966 749 illius

225 761 338 797 debere
365 762 493 808 intelligi
515 761 720 802 declaramus,
760 770 792 796 ut
824 762 965 807 scilicet,

224 810 338 846 domus
364 811 415 846 illa
453 823 523 846 cum
563 810 632 846 aliis
664 811 821 852 eiusdem,
859 812 964 847 domui

225 860 284 908 ipsi
307 860 486 907 contiguis,
521 860 581 895 hoc
600 868 658 902 est,
690 861 754 908 ipsa
806 868 835 896 et
867 862 965 909 ipsius

223 909 316 945 etiam
331 910 603 957 appendicia,cum
617 910 725 945 eadem
741 910 806 945 sive
820 911 850 945 in
859 911 963 951 domo,

223 959 288 994 sive
312 959 342 994 in
369 959 565 1007 appendiciis
602 960 680 1003 eius,
708 959 883 995 haereticus
917 961 962 996 vel

221 1007 374 1044 haeretica
388 1016 531 1057 repertus
546 1009 649 1053 fuerit,
661 1009 872 1051 destruantur;
891 1023 961 1045 cum

221 1057 346 1103 domus,
367 1058 508 1106 quamvis
529 1058 659 1094 diversis
681 1059 898 1095 mansionibus
912 1060 963 1095 di-

220 1107 408 1155 stinguatur,
430 1119 489 1143 una
511 1107 717 1143 nibilominus
741 1109 780 1143 sit
796 1110 961 1145 censenda.

268 1156 337 1205 58.
364 1157 399 1192 Iu
425 1157 535 1205 quinto
556 1166 659 1192 autem
684 1157 887 1194 dubitationis
910 1171 962 1194 ca-

195 1223 207 1228 ·
221 1205 322 1253 pitulo
339 1207 464 1253 legitur,
487 1207 569 1254 quod
587 1215 726 1242 teneatur
748 1214 882 1254 potestas
906 1221 960 1244 seu

221 1263 322 1291 rector
338 1256 415 1291 infra
437 1255 546 1291 decem
569 1255 634 1291 dies
650 1256 698 1291 sui
711 1257 872 1304 regiminis
889 1269 961 1305 syn-

219 1304 323 1341 dicare
334 1304 560 1353 praecedentem
576 1306 716 1353 proxime
726 1314 904 1352 potestatem
916 1308 960 1343 vel

220 1362 385 1396 rectorem,
400 1355 512 1390 eteius
526 1355 617 1390 etiam
630 1367 812 1396 assessores,
827 1368 882 1403 per
899 1365 960 1392 tres

222 1403 303 1439 viros
323 1403 491 1440 catholicos
511 1413 541 1439 et
563 1404 670 1439 fideles
695 1404 811 1440 electos
836 1405 874 1440 ad
902 1406 960 1441 hoc

218 1465 274 1500 per
294 1452 526 1494 dioecesanum,
553 1461 584 1488 et
607 1466 660 1501 per
695 1453 804 1489 fratres
830 1454 960 1490 Praedi-

217 1510 337 1538 catores
350 1510 381 1538 et
401 1503 549 1544 Minores,
564 1502 603 1538 de
625 1502 772 1538 omnibus
793 1503 852 1544 his,
879 1517 959 1552 quae

217 1551 249 1586 in
271 1552 394 1588 statutis
414 1552 504 1600 ipsis,
534 1552 597 1587 sive
623 1552 899 1588 constitutionibus
930 1562 959 1589 et

217 1600 339 1648 legibus
364 1610 470 1637 contra
497 1601 669 1637 haereticos
690 1610 719 1637 et
747 1614 854 1638 eorum
877 1616 958 1639 com-

217 1650 315 1697 plices
341 1650 432 1686 editis
452 1651 662 1686 continentur.

264 1699 285 1748 S
306 1702 339 1736 9.
361 1700 456 1735 Hunc
478 1701 583 1748 itaque
605 1700 808 1736 dubitationis
841 1703 960 1736 articu-

216 1748 282 1784 lum
303 1749 497 1786 declarantes
519 1750 757 1796 respondemus,
783 1751 866 1797 quod
899 1763 958 1786 una

217 1809 290 1834 cum
310 1799 496 1835 dioecesano
530 1798 602 1842 loci,
637 1799 745 1834 fratres
783 1799 959 1845 praedicto-

217 1859 287 1883 rum
307 1847 465 1889 ordinum,
487 1860 504 1883 a
527 1847 627 1895 priore
649 1857 679 1883 et
697 1848 868 1894 guardiano
882 1850 958 1889 suis,

217 1896 265 1932 vel
291 1897 330 1932 ab
351 1909 457 1933 eorum
485 1897 594 1941 altero,
623 1897 647 1931 si
678 1896 796 1932 ibidem
831 1898 959 1934 alterius

216 1946 377 1982 dumtaxat
398 1946 579 1982 eorumdem
602 1945 748 1981 ordinum
785 1957 959 1983 conventus

215 1996 362 2035 extiterit,
388 1996 581 2039 assumendi,
608 1996 688 2031 viros
710 1996 823 2043 eligant
844 2009 958 2045 supra—

216 2046 326 2081 dictos.
351 2045 386 2081 Si
410 2058 481 2081 vero
495 2044 636 2080 neutrius
654 2045 772 2080 ordinis
786 2056 959 2082 conventus

217 2098 259 2134 ibi
282 2098 409 2135 forsitan
438 2098 599 2142 habeatur,
626 2098 662 2133 ad
694 2099 796 2135 solum
831 2101 958 2136 dioece-

216 2165 326 2189 sanum
345 2152 526 2188 eorumdem
550 2152 683 2187 virorum
715 2153 825 2189 electio
861 2156 959 2201 perti-

216 2206 314 2242 nebit.

265 2261 286 2309 ἓ
307 2263 362 2296 10.
385 2260 539 2303 Quocirca
560 2260 739 2296 discretioni
758 2269 877 2304 vestrae
900 2275 955 2310 per

217 2315 383 2363 apostolica
416 2315 530 2361 scripta
562 2314 768 2355 mandamus,
801 2325 957 2363 quatenus

217 2368 325 2404 eadem
360 2367 495 2416 capitula
538 2368 794 2403 constitutionum
835 2369 958 2416 praedi-

218 2430 338 2458 ctarum
382 2422 568 2469 accipientes
614 2421 697 2456 iuxta
739 2421 956 2459 declarationis

1009 375 1160 403 annotari.

1057 417 1172 453 Datum
1195 416 1338 454 Lateran.
1361 418 1499 455 secundo
1522 432 1620 457 nonas
1637 421 1750 461 martii,

1010 467 1207 515 pontificatus
1228 468 1324 503 nostri
1353 480 1435 504 anno
1457 470 1558 506 tertio.

1008 528 1067 559 Dat.
1085 529 1132 560 die
1149 530 1167 559 6
1190 530 1285 560 martii
1306 530 1380 561 1255
1412 531 1469 569 (1),
1491 532 1592 571 pontif.
1615 542 1692 563 anno
1709 541 1748 563 ut.

1343 719 1410 755 XV.

1007 801 1205 846 Confirmatio
1231 801 1379 835 bonorum
1407 798 1555 842 omnium,
1589 816 1625 838 ac
1644 807 1746 850 privi-

1054 851 1199 894 leqiorum
1219 852 1366 884 concessio
1387 854 1569 886 monasterio
1590 854 1625 888 S.
1659 854 1746 888 Mat-

1054 899 1124 933 thoei
1150 901 1185 934 de
1200 900 1330 934 castello
1350 902 1468 935 ordinis
1486 902 1669 938 Casst'nenst's
1691 905 1744 946 (2).

1266 986 1478 1018 SUMMARIUM

1003 1052 1167 1082 Exordium.
1185 1070 1223 1075 —
1240 1052 1447 1084 Monaslerium
1467 1055 1521 1085 sub
1544 1055 1573 1086 S.
1591 1056 1622 1086 Α.
1646 1063 1744 1096 prote-

1042 1097 1136 1127 ctione
1154 1098 1331 1136 suscipiens,
1352 1116 1391 1121 —
1411 1097 1488 1129 Bona
1507 1100 1604 1130 omnia
1622 1101 1649 1131 ei
1671 1111 1744 1131 con-

1043 1141 1146 1171 firmat.
1177 1158 1216 1165 —-
1236 1141 1351 1173 Novalia
1370 1144 1470 1173 eximit
1497 1153 1511 1174 a
1543 1144 1677 1176 decimis.
1708 1164 1746 1169 —

1041 1185 1185 1216 Nonnulla
1215 1187 1349 1217 concedit
1366 1188 1526 1227 privilegia.
1543 1206 1582 1212 -
1603 1189 1743 1221 Abbatem

1041 1240 1055 1260 a
1074 1231 1227 1261 monachis
1249 1232 1351 1262 statuit
1368 1232 1546 1271 eligendum.
1567 1250 1606 1257 —
1622 1233 1652 1264 In
1671 1234 1744 1265 locis

1041 1276 1210 1305 monasterii
1228 1275 1381 1306 violentias
1398 1277 1526 1307 exerceri
1544 1277 1687 1316 prohibet.
1708 1296 1745 1302 -

1041 1319 1212 1356 Libertates‚
1233 1320 1432 1350 immunitates
1453 1324 1503 1351 etc.
1531 1321 1685 1352 confirmat
1705 1323 1745 1352 ei-

1040 1364 1115 1394 dem.
1142 1381 1180 1387 —-
1201 1364 1356 1394 Alexandri
1373 1364 1426 1395 PP.
1448 1364 1626 1405 subscriptio
1653 1383 1692 1389 —
1712 1366 1746 1396 Et

1041 1409 1170 1447 sigillum
1201 1426 1238 1431 —
1268 1408 1300 1439 Et
1322 1408 1350 1439 S.
1378 1409 1410 1439 R.
1442 1409 1471 1439 E.
1504 1410 1582 1440 card.
1611 1409 1745 1441 subscri-

1040 1454 1166 1492 ptiones.

999 1528 1147 1558 Alexander
1164 1528 1305 1565 episcopus
1315 1536 1410 1559 servus
1420 1536 1560 1559 servorum
1570 1529 1627 1564 nei,
1638 1531 1747 1563 cluentis

1044 1577 1108 1606 filiis
1126 1578 1219 1607 abbati
1236 1579 1397 1608 monasteri}
1415 1579 1441 1608 S.
1460 1579 1590 1609 matthaei
1608 1588 1746 1612 sorvorum

1043 1627 1088 1656 Dei
1106 1627 1138 1656 do
1162 1627 1294 1662 castello,
1315 1628 1424 1665 eiusque
1443 1627 1580 1658 tratribus
1594 1630 1653 1659 tam
1667 1638 1745 1668 prae-

1045 1676 1176 1710 sentibus.
1196 1684 1276 1713 quam
1294 1677 1401 1707 futuris
1418 1678 1571 1714 regularem
1589 1679 1674 1709 vitam
1685 1688 1744 1717 ιιι-οε

1044 1724 1136 1759 fessis,
1157 1725 1185 1754 in
1202 1727 1376 1762 perpetuum.

1048 1796 1240 1844 Religiosam
1268 1798 1360 1833 vitam
1395 1799 1582 1846 eligentibus
1615 1809 1741 1849 aposto-

1000 1844 1096 1880 licum
1133 1846 1277 1881 convenit
1315 1847 1424 1883 adesse
1462 1850 1668 1897 praesidium,
1705 1864 1744 1886 ne

1000 1895 1171 1931 cuiuslibet
1198 1896 1366 1939 temeritas,
1388 1906 1441 1933 aut
1462 1911 1516 1934 eos
1538 1912 1553 1935 a
1581 1901 1743 1948 proposito

1000 1953 1133 1985 revocet,
1155 1954 1209 1981 aut
1237 1945 1330 1981 robur
1361 1948 1454 1995 (quod
1491 1949 1581 1994 absit)
1618 1958 1743 1987 sanctae

1000 1994 1160 2041 religionis
1182 1995 1338 2042 infringat.

1047 2044 1234 2093 Eapropter,
1261 2045 1363 2082 dilecti
1387 2046 1416 2081 in
1445 2047 1581 2084 Domino
1600 2048 1667 2090 filii,
1690 2062 1742 2084 ve-
1769 2054 1916 2077 *hunnum

999 2093 1071 2129 stris
1093 2096 1184 2130 iustis
1212 2095 1476 2142 postulationihus
1497 2098 1669 2134 elementer
1686 2112 1742 2134 an—

1000 2144 1137 2185 nuimus,
1159 2153 1188 2179 et
1211 2146 1434 2181 monasterium
1461 2146 1567 2183 Sancti
1606 2147 1740 2183 Matthaei
1755 2150 1823 2175 ⁹³⁶⁰*

999 2204 1160 2228 servorum
1182 2194 1238 2229 Dei
1265 2194 1304 2230 de
1326 2194 1476 2236 Castello,
1500 2197 1530 2231 in
1558 2209 1622 2244 quo
1636 2197 1742 2232 divino

999 2242 1072 2277 estis
1093 2243 1244 2290 obsequio
1268 2245 1445 2292 mancipati,
1468 2245 1506 2281 ad
1534 2246 1629 2281 instar
1643 2246 1743 2281 felicis

999 2291 1223 2327 recordationis
1261 2293 1429 2329 Alexandri
1467 2295 1567 2342 Papae
1610 2295 1743 2343 praede-

1000 2341 1132 2376 cessoris
1159 2341 1255 2376 nostri
1278 2343 1337 2378 sub
1359 2343 1438 2378 beati
1466 2343 1548 2379 Petri
1575 2352 1604 2379 et
1637 2353 1742 2380 nostra

1000 2390 1191 2438 protectione
1212 2392 1415 2439 suscipimus,
1434 2400 1464 2428 et
1486 2394 1658 2441 praesentis
1669 2395 1744 2430 scri*

1001 2447 1042 2486 pti
1076 2439 1239 2487 privilegio
1277 2442 1523 2477 communimus.
1565 2441 1598 2477 ln
1635 2444 1744 2491 primis

217 2477 405 2524 apostolicae
441 2476 651 2519 intellectum,
690 2484 827 2511 lenm‘effl
852 2489 959 2535 ‘Prae‘
999 2489 1153 2536 siquidem
1177 2497 1358 2532 statuenteS‚
1382 2499 1413 2526 ut
1432 2491 1509 2527 ordo
1540 2493 1742 2534 monasticus,

218 2530 367 2575 sentium,
389 2530 480 2565 simul
500 2542 570 2565 cum
598 2529 715 2564 eisdem
760 2531 958 2566 constitutio·
999 2539 1053 2586 qui
1075 2538 1249 2573 secundum
1276 2539 1377 2575 Deum
1406 2549 1435 2575 et
1471 2541 1550 2577 beati
1582 2540 1742 2578 Benedicti

219 2584 323 2625 nibus,
344 2584 462 2620 faciatis
482 2584 521 2619 de
556 2583 648 2619 verbo
690 2582 728 2618 ad
764 2584 890 2620 verbum
926 2586 956 2620 in

1034 2614 1072 2648 (l)
1091 2613 1150 2649 Leg.
1173 2613 1246 2642 1257.
1267 2615 1304 2650 (n.
1321 2615 1360 2650 τ.)
1397 2615 1436 2651 (2)
1456 2615 1494 2643 Ex
1519 2617 1636 2652 originali
1660 2618 1743 2647 edidit

218 2638 442 2686 capitularibus
463 2638 622 2674 civitatum
659 2637 696 2673 ad
735 2638 885 2674 tollendas
919 2640 959 2674 de
1000 2653 1119 2685 Gattuta,
1138 2654 1202 2680 tttst.
1218 2654 1363 2683 Cassinen..
1383 2662 1448 2683 saec.
1467 2663 1515 2689 vu,
1536 2664 1593 2692 pag*
1611 2657 1672 2685 nos,

1769 264 1819 291 An.
1837 262 1865 291 C.
1882 264 1949 292 tatto

1790 1812 1885 1834 Emi-diui

1756 2087 1792 2108 tub
1811 2085 1830 2107 S.
1847 2087 1870 2107 Α.
1887 2092 1937 2112 pm-

1755 2119 1848 2138 tectione
1868 2118 1937 2138 ausel-
