2129 3223
131 267 182 294 An.
196 267 226 295 C.
245 269 312 297 ¹2¹2

135 2537 265 2562 Compositio
259 2536 312 2555 ιι-ιιι

136 2573 173 2586 uit·
174 2568 216 2587 todi
233 2565 270 2586 [Ρ
287 2566 314 2585 si—

128 2574 178 2625 ΙΙςῐίιι
169 2601 235 2619 ιςῦἱὶ

376 257 448 292 258

326 321 577 369 Strigoniensem
599 321 784 357 Ecclesiam.
808 321 1032 358 Verumtamen
1048 322 1075 358 si

326 370 554 418 Strigoniensis
580 371 837 419 archiepiscopus
859 384 920 407 non
955 381 1075 419 posset,

327 421 372 455 vel
396 421 552 455 malitiose
575 420 672 456 nollet
695 432 801 468 regem
835 433 1000 462 coronat-e,
1027 422 1075 456 vel

325 468 555 516 strigoniensis
589 469 727 505 Ecclesia
762 479 906 511 vacaret,
946 479 1076 506 coronet

325 529 432 565 regem
459 518 655 560 Colocensis.
682 519 804 554 nullum
831 533 870 556 ex
897 521 947 555 tali
984 532 1075 555 coro-

325 569 450 603 natione
473 569 523 603 ius
544 568 605 603 sibi
632 568 820 604 vindicando
845 570 877 604 in
900 570 998 616 prima
1020 581 1074 604 co-

324 617 498 652 ronatione:
517 617 657 653 secunda
684 619 845 654 coronatio
866 619 894 654 ei
922 619 1074 664 deinceps

323 667 494 713 aequaliter
541 669 695 714 pertineat
733 668 770 702 ad
805 677 984 723 utramque.
1026 667 1074 702 De

324 723 475 761 proventu
505 726 649 752 monetae
682 716 807 752 decima
848 719 1002 763 pertineat
1035 717 1072 751 ad

323 764 498 800 Ecclesiam
513 765 777 812 Strigoniensem,
817 766 1009 814 ubicumque
1042 766 1072 800 in

324 827 419 861 regno
435 814 614 861 Hungariae
637 815 822 857 excudatur,
849 816 932 870 quod
953 816 977 850 si
999 815 1070 850 cudi

322 863 451 899 desierit
477 865 634 910 generalis
655 873 781 900 moneta
816 873 913 900 totius
939 865 1073 910 Hunga-

323 913 395 954 tiae,
434 914 586 961 quicquid
630 913 699 949 loco
737 914 893 961 generalis
925 922 1071 949 monetae

322 963 520 1002 successerit
539 962 692 998 decimam
716 963 829 998 habeat
844 963 1072 1010 Strigoniensis

321 1011 473 1053 Ecclesia3
495 1011 724 1058 Strigoniensis
750 1013 1007 1067 archiepiscopus
1025 1024 1072 1047 re-

323 1062 446 1096 nuntiat
471 1061 556 1096 omni
563 1040 807 1106 viurisdictioni,
830 1070 858 1096 et
889 1075 947 1096 ιιιιι
976 1062 1071 1109 spiri-

320 1110 408 1153 tuali,
430 1110 515 1157 quod
542 1109 689 1154 habebat,
706 1111 751 1145 ιρι
774 1110 891 1146 habere
910 1111 1072 1146 xidebatur

321 1160 350 1193 in
371 1159 530 1206 provincia
558 1137 740 1194 Coloceitsi:
766 1169 888 1207 praeter
915 1161 1070 1195 decimam

320 1217 477 1249 monetae,
504 1209 529 1243 si
558 1208 601 1243 ibi
623 1209 819 1255 contingeret
844 1209 998 1245 fabricari.
1025 1209 1070 1244 lu·

320 1257 435 1292 dicium
459 1257 639 1293 officialium
667 1237 781 1293 domnus
809 1260 911 1305 regiae
938 1259 1070 1307 quilibet

320 1307 489 1354 episcopus
511 1306 653 1342 habeat
647 1320 677 1342 tn
700 1320 757 1343 sua
781 1308 940 1355 parochia.
967 1308 1069 1343 Exhi-

319 1355 398 1391 bitio
425 1364 694 1391 sacramentorum
730 1357 857 1403 regibus
878 1366 908 1392 et
942 1358 1069 1404 reginis,

319 1413 348 1439 tt
375 1416 486 1440 eorum
509 1403 617 1441 liberis
639 1414 699 1440 tam
723 1384 784 1440 adD
790 1407 876 1461 ipsos
909 1406 1069 1462 archiepi-

319 1466 443 1501 scopos,
464 1465 558 1501 quam
581 1454 619 1489 ad
647 1455 725 1489 alios
751 1455 916 1502 episcopos
943 1456 974 1489 in
1003 1456 1069 1490 suis

320 1503 476 1549 parochiis
498 1504 653 1550 pertineat
683 1515 740 1558 pro
776 1504 935 1538 voluntate
976 1504 1067 1550 regis.

319 1552 352 1586 ln
381 1551 530 1587 omnibus
557 1552 627 1587 aliis
655 1553 780 1599 utrique
802 1553 962 1588 Ecclesiae
1001 1555 1068 1588 iura

319 1613 374 1636 sua
387 1609 616 1636 conserxentur
631 1601 749 1642 illaesa,
772 1610 801 1636 et
820 1602 1068 1637 consuetudines

319 1651 475 1698 antiquae.
504 1650 537 1686 Si
571 1662 651 1697 quae
681 1659 785 1686 autem
818 1651 982 1698 privilegia
1022 1653 1067 1686 vel

319 1701 466 1746 resciipta
514 1699 769 1755 quandocunque
808 1701 924 1747 prolata
954 1700 1070 1735 suerint

318 1758 424 1784 contra
451 1749 533 1784 hanc
556 1749 701 1790 formam,
725 1750 805 1783 vires
828 1762 889 1784 non
923 1749 1067 1784 habeant.

319 1798 462 1833 Salvam
491 1797 640 1832 omnibns
671 1798 852 1832 auctoritate
884 1799 1068 1845 apostolica.

319 1847 412 1889 Quod
434 1848 459 1882 si
479 1846 562 1893 Papa
587 1859 648 1881 non
683 1847 915 1894 approbaverit,
954 1861 1004 1883 res
1031 1849 1070 1882 sit

321 1897 350 1930 ιιι
378 1908 415 1932 eo
437 1904 519 1931 statu
543 1896 573 1930 in
601 1908 664 1942 quo
687 1908 770 1930 nunc
789 1904 846 1931 est.
884 1896 1069 1931 iuraverunt

320 1945 412 1980 ambo
433 1945 676 1992 archiepiscopi,
699 1952 728 1979 et
746 1957 853 1980 eorum
869 1946 1070 1991 suffraganei,

321 1995 375 2041 qui
397 2002 582 2042 praesentes
611 2002 711 2032 erant,
752 2006 872 2028 necnon
907 2004 936 2029 et
979 2007 1071 2049 prae-

322 2044 440 2100 positus
459 2042 814 2098 Quinquecclesiensis,
851 2044 903 2090 qui
931 2044 999 2078 vice
1018 2041 1071 2079 do*-

322 2092 397 2127 mini
423 2094 471 2128 sui
500 2093 642 2139 episcopi
680 2092 838 2129 intererat,
886 2103 1007 2127 necnon
1041 2101 1071 2128 et

323 2151 542 2189 procuratores
569 2140 777 2187 capitulorum
807 2141 970 2188 utriusque
1009 2141 1071 2176 Ec-

323 2191 448 2231 clesiae,
475 2190 560 2238 quod
594 2189 770 2225 secundum
804 2189 933 2224 sormam
974 2202 1072 2237 piae-

322 2241 469 2288 scriptam
494 2240 572 2275 bona
606 2239 666 2274 fide
702 2251 809 2286 pacem
846 2240 1071 2286 praescriptam

323 2289 548 2329 observabunt,
569 2297 600 2323 et
621 2289 689 2323 sine
712 2288 820 2322 fraude
838 2289 874 2322 ad
897 2289 1072 2323 confirma-

325 2339 441 2373 tionem
476 2338 672 2373 laborabunt.
714 2336 860 2384 Cumque
895 2349 992 2385 super
1025 2338 1074 2372 his

326 2399 396 2421 cum
417 2387 565 2422 fratribus
588 2388 702 2422 nostris
715 2386 892 2421 deliberare
907 2386 1072 2427 vellemus,

326 2436 429 2470 dilecti
459 2436 513 2471 filii
542 2436 673 2471 lacobus
703 2435 923 2479 scholasticus,
956 2445 986 2471 et
1018 2436 1074 2470 Ni-

326 2486 432 2519 colaus
469 2486 640 2520 canonicus
680 2484 805 2532 praefati
846 2485 1073 2533 archiepiscopi

329 2535 442 2575 nuntii,
465 2543 495 2569 et
516 2535 557 2569 M.
583 2534 806 2575 thesaurarius,
834 2542 863 2568 et
897 2533 940 2568 lo.
968 2534 1076 2569 archi-

327 2581 480 2617 diaconus
494 2583 729 2628 strigonienses
755 2591 973 2630 procuratores
995 2584 1076 2618 eius·

327 2630 398 2666 dem
421 2631 478 2667 loci
506 2619 632 2679 capituli
651 2632 808 2679 petierunt
835 2644 850 2666 a
891 2632 982 2667 nobis
1018 2645 1075 2669 au-

902 268 1092 292 nummum
1118 267 1282 292 ROMANUM

1118 321 1270 357 dentiam
1298 321 1357 357 sibi
1379 321 1457 358 dari.
1492 321 1563 365 Qua
1601 321 1676 370 ipsis
1709 319 1748 356 de
1778 331 1865 356 more

1117 383 1277 412 concessa,
1291 371 1393 406 nuntii
1410 383 1602 420 proposuere
1612 370 1774 419 praedicti,
1779 368 1863 417 quod

1119 422 1200 456 inter
1222 421 1379 468 praefatos
1404 421 1689 469 archiepiscopum
1711 427 1742 455 et
1768 419 1866 455 Colo-

1117 482 1246 505 censem
1272 471 1419 511 electum,
1446 478 1477 505 et
1497 482 1608 506 eorum
1648 469 1866 516 suffraganeos

1119 519 1187 554 talis
1213 521 1400 566 compositio
1418 520 1596 562 intervenit,
1618 527 1653 554 ut
1674 519 1774 565 prima
1802 530 1866 554 co-

1118 569 1238 604 ronatio
1265 581 1372 616 regum
1394 568 1586 615 Hungariae,
1609 567 1802 615 ubicumque
1831 568 1863 603 in

1118 617 1185 664 ipso
1212 630 1309 664 regno
1335 630 1389 653 eos
1411 619 1548 666 primum
1578 618 1776 663 contingeret
1809 629 1864 652 co-

1117 668 1233 711 ronari,
1256 667 1354 702 solius
1369 667 1594 713 Strigoniensis
1607 667 1769 702 Ecclesiae
1787 667 1864 702 iuris

1115 725 1210 770 esset,
1232 724 1263 751 et
1285 725 1429 751 monetae
1456 716 1639 763 ubicunque
1674 716 1865 751 cuderentur

1116 766 1146 800 ιιι
1169 777 1278 812 regno,
1307 766 1353 800 vel
1382 765 1465 800 illius
1477 766 1560 812 quod
1585 767 1653 800 loco
1665 765 1865 811 colligeretur

1116 824 1259 850 monetae
1285 814 1408 850 decima
1438 815 1476 850 ad
1515 814 1648 850 eandem
1684 815 1864 861 pertineret,

1115 875 1150 898 ac
1190 873 1243 904 tu,
1285 872 1315 899 et
1352 864 1537 899 charissima
1581 865 1610 898 in
1644 863 1772 899 Christo
1801 862 1865 897 filia

1114 912 1335 959 Hungarorum
1364 914 1484 969 regina,
1511 925 1567 961 per
1590 921 1707 948 vestras
1728 925 1744 947 a
1773 911 1865 947 nobis

1117 962 1233 997 litteras
1260 964 1420 1017 peteretis,
1448 971 1604 1010 quatenus
1642 963 1774 1009 primam
1810 973 1864 996 se-

1114 1010 1198 1052 dem,
1223 1013 1419 1059 primamque
1442 1024 1549 1047 iocem
1571 1024 1642 1047 cum
1666 1011 1787 1047 iuribus
1807 1023 1863 1046 su-

1114 1061 1272 1106 pradictis,
1286 1073 1365 1108 quae
1383 1070 1415 1096 tu
1425 1061 1548 1096 etdicta
1563 1061 1681 1108 regina,
1695 1072 1818 1096 necnon
1833 1068 1863 1095 et

1115 1122 1186 1156 pars
1212 1109 1399 1146 Colocensis
1426 1110 1551 1166 publice
1591 1109 1746 1157 praefatae
1779 1109 1863 1144 Stri-

1112 1159 1255 1204 goniensi
1284 1160 1508 1206 recognovistis
1530 1159 1732 1203 Ecclesiae,
1725 1171 1784 1206 ipsi
1797 1170 1866 1206 per·

1114 1209 1198 1254 petui
1245 1208 1450 1255 dignaremur
1497 1208 1651 1256 privilegii
1684 1207 1863 1243 munimine

1113 1257 1271 1300 roborare3
1289 1270 1385 1305 super
1405 1258 1475 1293 aliis
1497 1270 1569 1293 vero
1590 1257 1629 1293 de
1647 1256 1763 1304 quibus
1784 1257 1864 1292 inter

1112 1318 1166 1341 eos
1188 1319 1259 1343 esse
1285 1308 1451 1343 videbatur
1477 1308 1640 1342 contentio
1663 1315 1790 1354 propter
1810 1306 1866 1342 bo-

1112 1368 1187 1390 num
1214 1357 1311 1404 pacis,
1331 1357 1377 1392 sic
1403 1357 1504 1392 extitit
1525 1356 1715 1411 ordinatum,
1738 1364 1771 1390 ut
1805 1367 1864 1391 nec

1111 1403 1298 1441 Colocensis
1324 1406 1354 1440 ιιι
1374 1405 1585 1453 Strigoniensi
1609 1406 1781 1452 provincia,
1803 1417 1861 1440 nec

1112 1453 1370 1500 Strigoniensis
1363 1468 1394 1489 ιιι
1422 1455 1589 1490 Colocensi
1612 1462 1734 1502 praeter
1772 1465 1863 1501 prae-

1112 1502 1192 1537 dicta
1215 1504 1272 1538 sibi
1311 1504 1388 1539 iuris
1421 1503 1538 1551 aliquid
1575 1503 1772 1547 vindicaret,
1804 1515 1862 1538 au-

1111 1552 1253 1587 ctoritate
1285 1552 1316 1586 in
1352 1553 1502 1587 omnibus
1535 1552 1735 1599 Apostolicae
1769 1551 1863 1587 Sedis

1111 1600 1206 1642 salva,
1229 1601 1268 1635 ita
1287 1602 1371 1648 quod
1391 1603 1416 1637 si
1434 1602 1511 1637 haec
1527 1614 1589 1636 non
1613 1601 1863 1649 approbarentur

1112 1662 1127 1683 3
1156 1651 1257 1694 nohis,
1285 1663 1333 1685 res
1355 1652 1384 1685 in
1414 1663 1451 1686 eo
1488 1659 1580 1691 statu,
1623 1652 1652 1685 in
1690 1662 1754 1698 quo
1787 1659 1863 1685 tunc

1113 1700 1222 1743 luerat,
1269 1708 1455 1735 remaneret.
1498 1699 1592 1734 Unde
1634 1699 1785 1747 quicquid
1823 1699 1863 1734 sit

1111 1749 1276 1795 scriptum,
1304 1749 1351 1784 vel
1373 1750 1510 1784 iuratum
1532 1761 1602 1784 esse
1634 1749 1769 1794 dicatur,
1801 1748 1862 1784 hoc

1111 1805 1229 1838 autem,
1251 1806 1282 1832 et
1296 1798 1488 1833 intellectum
1504 1809 1573 1833 esse
1595 1810 1612 1833 a
1627 1798 1768 1845 partibus
1781 1809 1864 1833 asse·

1113 1846 1233 1887 rebant,
1260 1854 1289 1880 et
1329 1846 1403 1882 illud
1440 1859 1475 1882 ex
1516 1855 1604 1894 parte
1634 1847 1862 1895 archiepiscopi

1113 1896 1290 1930 confirmari
1325 1908 1341 1931 a
1371 1896 1463 1931 nobis
1497 1896 1683 1943 suppliciter
1722 1896 1863 1943 postula-

1114 1944 1200 1988 bant,
1226 1953 1404 1980 asserentes
1431 1946 1477 1980 sic
1495 1954 1599 1980 actum
1622 1953 1653 1980 et
1667 1944 1862 1980 intellectum

1113 1993 1208 2028 fuisse
1244 1994 1326 2029 idem
1359 1994 1632 2042 archiepiscopuS,
1667 2002 1697 2029 et
1735 1990 1862 2049 praefati

1113 2043 1275 2089 Agriensis
1318 2053 1347 2078 et
1387 2043 1575 2078 Geuriensis
1613 2043 1752 2090 episcopi
1796 2044 1864 2078 suis

1114 2092 1224 2127 litteris
1270 2092 1473 2127 declararant.
1521 2092 1746 2128 Procuratores
1791 2104 1864 2128 tero

1114 2140 1339 2187 Strigoniensis
1380 2141 1508 2189 capituli
1558 2153 1750 2197 proposuere
1786 2153 1862 2176 con-

1115 2198 1245 2235 stanter,
1271 2191 1356 2246 quod
1380 2199 1441 2225 tam
1470 2191 1520 2226 illa
1542 2191 1743 2238 compositio,
1768 2202 1862 2238 quam

1115 2239 1270 2274 redactam
1299 2240 1329 2273 in
1357 2241 1483 2287 scriptis
1511 2239 1669 2288 praefatus
1694 2239 1863 2287 episcopus

1116 2287 1207 2322 nobis
1234 2288 1385 2332 exhibuit,
1413 2301 1505 2336 quam
1534 2289 1614 2324 illa
1606 2301 1637 2323 ιιι
1664 2301 1758 2336 quam
1778 2299 1864 2336 prae—

1116 2337 1167 2371 fati
1193 2338 1293 2371 nuntii
1317 2337 1465 2372 dixerunt
1489 2338 1762 2393 archiepiscopum
1785 2349 1864 2373 con-

1115 2386 1264 2426 sensisse,
1293 2387 1366 2421 inita
1385 2386 1497 2422 ‚fuerat
1515 2388 1582 2422 sine
1611 2399 1740 2422 assensu
1770 2388 1863 2434 capi-

1116 2434 1184 2490 tuli,
1206 2444 1235 2468 et
1264 2436 1293 2470 in
1332 2448 1461 2471 enorme
1495 2435 1699 2483 dispendium
1738 2435 1864 2483 Strigo-

1117 2484 1235 2519 niensis
1262 2484 1424 2520 Ecclesiae
1450 2484 1655 2525 redundabat,
1683 2484 1766 2520 unde
1786 2497 1863 2520 con-

1116 2533 1304 2568 tradicentes
1323 2535 1458 2581 utrique,
1480 2533 1570 2569 nobis
1587 2533 1769 2581 suppliciter
1792 2546 1862 2582 sup-

1118 2581 1284 2630 plicaiQunt
1309 2591 1340 2617 ut
1363 2583 1546 2618 auctoritate
1567 2582 1737 2637 apostolica
1764 2595 1864 2618 cassa·

1117 2643 1223 2667 remus
1251 2640 1422 2680 utramque.
1450 2631 1514 2667 Nos
1541 2631 1634 2678 igitur
1654 2631 1863 2679 attendentes,

1877 266 1926 292 An
1948 264 1978 291 C.
1992 264 2059 293 un

1890 1262 1972 1284 Auditis
1987 1263 2060 1290 preel-

1877 1293 1916 1315 hu·
1928 1297 1975 1315 eam
1989 1296 2011 1314 ut
2020 1299 2059 1320 np-

1877 1323 1985 1351 probaret.

2014 1975 2037 1996 εί,

1895 2100 2041 2127 strigoniense

1877 2131 1990 2159 capitulum
2006 2137 2060 2153 cou-

1878 2166 1910 2183 ιη
1919 2163 2013 2184 eumdem
2022 2167 2059 2183 re-

1877 2193 1960 2214 clamat.

2090 1967 2109 1997 χ..
