2129 3223
894 246 986 268 nsum
1015 245 1125 267 nmium
1147 257 1150 260 -
1660 234 1730 267 855

242 303 401 339 Walterus
422 301 680 350 archiepiscopus
706 300 974 346 Rothomagensis
1000 299 1258 346 compositionem
1284 299 1340 334 init
1368 311 1438 335 cnm
1470 299 1625 335 Riccardo
1647 299 1778 346 Angliae

341 365 413 401 rege
436 364 491 401 pro
519 352 611 387 bonis
638 363 713 386 suae
736 350 909 394 Ecclesiae,
933 352 1001 385 119
1026 363 1046 385 a
1067 358 1097 385 et
1122 362 1183 395 seq.

246 403 404 439 Walterus
432 403 516 451 prior
537 401 573 437 C.
602 401 777 437 Columbae
799 400 837 435 de
860 400 964 436 lnsnla
983 408 1086 436 orator
1113 398 1267 434 Willelmi
1306 399 1389 447 regis
1423 399 1547 436 Scotiae
1580 400 1618 435 ad
1653 399 1687 435 S.
1722 398 1782 434 Se-

342 454 426 498 dem,
450 455 470 488 8
493 465 522 487 a.

244 504 365 539 Warini
381 503 566 547 (haeretici),
588 512 761 548 eorumque
785 512 915 548 poenae,
939 502 1009 536 506
1037 502 1054 534 b
1075 507 1106 535 et
1126 512 1185 545 seq.

245 553 423 589 Wernhero
450 551 637 599 Moguntino
659 551 796 598 archiep.
826 551 1032 586 committitur
1059 558 1091 585 nt
1118 548 1266 597 impediat
1301 549 1487 585 electionem
1522 548 1693 585 Conradini
1727 548 1782 583 Si-

342 603 431 639 ciliae
453 603 534 649 regis
557 602 586 636 in
607 601 841 648 imperatorem,
870 602 939 635 765
963 603 990 635 b.

242 653 425 689 Willelmus
448 652 544 687 abbas
565 650 816 686 Gcmhlacensis.
843 652 876 685 1⁷.
899 650 1129 685 Gemhlacense
1153 650 1389 684 monasterinm.

245 702 427 739 Willelmus
449 702 546 737 abbas
568 701 607 736 de
634 701 807 749 Paraclyt03
829 701 897 736 eins
918 700 1048 736 virtutes
1074 708 1105 734 ct
1132 700 1291 739 miracula,
1320 701 1391 733 545
1417 701 1444 733 b.
1473 698 1665 734 Commissio
1693 698 1784 733 datur

343 751 520 800 inquirendi
547 759 608 786 tam
632 750 670 786 de
699 751 757 786 vita
779 763 872 798 quam
900 749 939 785 de
961 749 1122 785 miraculis
1143 748 1294 790 eiusdem,
1319 751 1389 783 544
1411 761 1440 783 α.

245 801 426 837 Willelmus
447 800 702 847 archiepiscopus
734 799 954 835 Eboracensis.
982 798 1130 834 Miracula
1148 798 1186 834 ad
1202 799 1269 834 eius
1283 798 1484 846 sepulchrum
1502 805 1631 844 patrata,
1658 798 1727 832 586
1750 799 1780 838 b·‚

344 851 384 886 de
408 850 524 898 quihus
552 850 711 897 inquisitio
733 849 950 890 demandatur,
977 850 1051 884 ibid.
1081 857 1111 884 et
1135 861 1194 894 seq.
1229 848 1417 884 Sanctorum
1452 846 1543 882 Conl'.
1572 846 1687 882 Pontis.
1726 858 1784 881 nu-

345 912 431 936 mero
452 900 651 943 adscribitur,
674 902 744 934 419
772 901 799 933 b.

248 950 428 985 Willelmus
446 950 583 996 archiep.
611 949 832 996 Philippensis.
870 950 901 982 Γ.
925 947 1139 995 Philippensis
1164 947 1318 982 Ecclesia.

249 999 429 1035 Willelmus
451 999 511 1043 (Β.)
529 999 736 1034 Bituricensis
757 999 1014 1046 archiepiscopus
1035 1006 1215 1033 sanctorum
1238 996 1463 1033 Confessorum
1500 995 1689 1031 Pontificum
1728 1007 1782 1030 ca-

345 1049 420 1084 noni
447 1049 648 1089 ad=cribitur,
673 1051 742 1084 540
765 1050 791 1083 b.

248 1099 430 1134 Willelmus
456 1099 516 1142 (B.)
543 1100 714 1134 canonicus
737 1097 887 1146 regularis
914 1096 1165 1144 congregationis
1186 1096 1219 1131 S.
1243 1096 1379 1131 Victoris
1412 1095 1581 1130 Parisiens.
1618 1102 1649 1128 ct
1686 1093 1784 1129 abbas

345 1148 585 1183 Roschildensis
612 1149 643 1182 in
670 1147 769 1183 Dania
797 1155 977 1182 sanctornm
1016 1146 1241 1182 Confessorum
1269 1146 1381 1181 canoni
1408 1145 1608 1186 adscribitur,
1632 1146 1701 1179 599
1725 1146 1751 1178 b.

251 1198 432 1234 Willelmus
460 1210 512 1233 rex
533 1197 657 1233 Scotiac
678 1197 716 1232 ab
738 1198 876 1244 archiep.
894 1196 1085 1231 Eboracensi
1108 1196 1399 1231 excommunicatus
1425 1195 1613 1237 absolvitur,
1648 1196 1666 1227 7
1705 1196 1722 1228 b
1758 1199 1789 1228 et

348 1250 369 1283 8
390 1260 420 1282 a.
444 1248 640 1282 Admonetur
657 1260 671 1281 a
695 1247 805 1294 legatis
827 1247 860 1281 S.
883 1246 994 1294 Apost.
1018 1246 1056 1281 de
1084 1258 1159 1293 pace
1183 1245 1344 1280 Ecclesiae
1366 1245 1470 1280 Sancti
1491 1244 1635 1286 Andreae,
1654 1244 1788 1290 eiusque

349 1298 498 1344 episcopo
522 1297 676 1332 reddenda
704 1297 762 1332 snb
791 1309 889 1344 poena
912 1296 1258 1337 excommunicationis,
1287 1297 1331 1329 54
1351 1308 1370 1329 α
1397 1303 1425 1329 et
1452 1307 1510 1339 seq.
1534 1293 1681 1339 Regnum
1720 1294 1788 1327 eius

350 1360 366 1382 a
390 1348 515 1382 nemine
537 1347 878 1382 excommunicandum
906 1346 1092 1389 declaratur,
1121 1347 1166 1380 59
1189 1358 1218 1380 α.

255 1397 405 1432 Willelmi
424 1397 547 1432 comitis
569 1404 599 1431 et
620 1397 749 1432 Arducii
771 1396 911 1443 episcopi
933 1395 1154 1430 Gehenncnsis
1172 1394 1382 1429 controversia
1405 1393 1567 1431 delinitur,
1588 1397 1632 1427 55
1650 1393 1667 1426 b
1683 1400 1787 1437 etseq.

255 1446 403 1482 Willelmi
428 1446 485 1490 (S.)
512 1446 711 1481 eremitarum
736 1445 812 1481 ordo
831 1445 890 1481 sub
918 1445 1110 1492 protectione
1133 1444 1244 1491 Apost.
1268 1443 1360 1479 Sedis
1389 1444 1559 1490 suscipitur
1593 1455 1664 1478 cum
1706 1454 1787 1475 non-

351 1496 506 1530 nullarum
534 1495 702 1542 gratiarum
731 1496 926 1542 elargitione,
955 1496 1020 1529 641
1053 1496 1081 1528 b.

253 1544 392 1580 Wintele
420 1545 481 1590 (de)
509 1544 662 1580 Ecclesia.
698 1546 730 1579 V.
758 1545 892 1580 Ioannes
914 1544 1046 1591 Angliae
1069 1557 1132 1578 rex.

254 1593 458 1630 Wollinensis
485 1594 617 1630 civitatis
643 1595 733 1629 sedes
755 1594 942 1642 episcopalis
971 1594 1155 1629 transfertur
1175 1593 1213 1628 ad
1235 1592 1489 1628 Camminenseni
1509 1592 1676 1630 civitatem,
1700 1593 1745 1625 59
1761 1592 1789 1625 b.

350 1644 583 1680 Confirmantur
601 1645 628 1680 ei
653 1645 733 1679 bona
760 1645 877 1688 omnia⁷
900 1645 966 1678 iura
989 1656 1025 1678 ac
1057 1643 1232 1690 privilegia,
1256 1647 1302 1678 60
1323 1656 1352 1677 a.

255 1693 542 1729 Wormatiensibus
563 1694 686 1729 civibus
712 1694 904 1733 conceditur,
928 1702 960 1728 nt
982 1693 1061 1728 trahi
1084 1702 1169 1728 extra
1197 1693 1351 1727 civitatem
1379 1691 1416 1726 ad
1443 1691 1593 1727 iudiciuin
1631 1699 1788 1736 nequeant

353 1743 453 1782 inviti,
482 1745 550 1777 657
579 1757 609 1777 a.

257 1791 522 1827 Wratislaviensis
543 1793 721 1839 episcopus.
758 1794 789 1827 V.
813 1792 977 1827 Boleslaus
999 1792 1125 1827 Calvus.

1009 1939 1041 1978 Ζ

260 2039 425 2076 Zachariae
447 2038 549 2084 Papae
577 2038 734 2086 privilegia
757 2045 787 2072 et
811 2036 927 2071 indulta
950 2048 1037 2071 sacro
1064 2034 1246 2071 Cassinensi
1273 2035 1427 2071 coenobio
1461 2047 1608 2070 concessa
1640 2035 1785 2069 innovan-

360 2097 409 2124 tur
439 2090 509 2123 455
536 2100 565 2122 α.

262 2139 349 2174 Ziani
371 2116 476 2174 Mairco
496 2137 697 2172 venetiarum
722 2136 812 2171 (lncis
836 2135 897 2170 lilio
927 2135 1088 2183 Lyciensis
1111 2135 1276 2170 comitatus
1303 2135 1497 2175 conceditur,
1526 2136 1596 2169 546
1625 2147 1655 2169 α.

263 2188 461 2224 Zverinensis
486 2187 625 2222 Ecclesia
652 2186 711 2221 suh
733 2186 930 2233 Apostolicae
959 2185 1051 2220 Sedis
1089 2185 1281 2232 protectione
1316 2185 1501 2233 suscipitur,
1530 2187 1572 2219 79
1600 2197 1631 2219 a.
1656 2184 1743 2220 Bona
1770 2183 1797 2217 ei

362 2238 587 2274 confirmantur
608 2249 680 2273 cum
703 2236 827 2272 decreto
851 2235 1065 2277 immunitatis,
1087 2236 1161 2270 ibid.
1186 2237 1202 2271 b
1229 2244 1258 2271 et
1280 2247 1338 2280 seq.

348 2696 422 2726 Butt.
446 2695 522 2726 Rom.
545 2696 599 2725 Vol.
622 2695 670 2724 III.
846 2693 898 2723 toi>
