2129 3223
165 266 211 292 An.
231 266 248 292 C
279 266 346 292 ¹185

409 259 453 289 32

593 342 789 393 URBANUS
823 344 867 393 lll

612 435 707 465 PAPA
728 435 840 466 CLXXll

366 498 458 531 Anno
483 509 572 532 aerae
602 499 715 533 Christi
734 511 839 533 comm.
864 499 1085 533 MCLXXXV.

935 266 1033 288 BULLA
1040 266 1058 288 tt
1065 267 1070 288 Ι
1077 265 1121 288 unt
1150 265 1310 289 ROMANUM

1144 327 1173 354 et
1195 320 1338 367 sepultus
1359 328 1406 356 est
1427 321 1458 355 in
1481 320 1559 356 urbe
1581 320 1721 356 Ferraria
1744 323 1798 366 (1).
1826 321 1888 356 Va-

1143 370 1223 404 cavit
1236 370 1327 404 sedes
1350 382 1405 418 per
1425 369 1508 405 diem
1532 372 1588 414 (2).

1503 540 1524 573 1.

358 574 511 650 [ibertus
534 617 578 659 (4)
592 614 760 657 (Rhenus,
779 617 877 665 patria
891 615 1100 660 LOmbardus‚
1147 609 1267 644 Urbani
1288 611 1354 644 PP.
1396 613 1500 645 literae
1533 613 1699 657 encyclicae
1721 614 1764 646 ad
1786 624 1888 648 omnes

354 667 610 718 archiepiscopus
631 670 887 716 Mediolanensis,
916 670 948 705 S.
982 669 1020 705 R.
1061 670 1097 704 E.

354 723 515 771 presbyter
541 724 721 766 cardinalis,
759 725 878 760 electus
904 733 950 760 est
968 724 1018 759 die
1052 727 1098 759 25

352 780 394 820 (2)
421 778 621 820 novembris,
650 791 700 814 an.
741 781 849 824 1185,
883 788 914 815 et
956 780 1097 827 sequenti

351 831 507 868 dominica
540 833 606 874 die,
643 846 724 881 quae
757 833 864 868 incidit
898 834 929 868 in
964 834 1095 881 primam

350 884 537 927 decembris,
560 895 759 922 consecratus
777 895 824 923 est
841 887 1004 923 Romanus
1018 888 1098 922 Pon-

351 939 423 974 tifex
446 943 500 984 (5).
524 941 614 976 Sedit
644 942 673 976 in
702 941 886 989 pontificatu
920 954 1039 977 annum
1074 955 1096 985 1,

349 1006 473 1029 menses
500 1008 529 1035 x,
557 995 625 1030 dies
646 1008 712 1030 xxv
734 999 790 1040 (4),
814 995 1042 1042 imperantibus
1065 996 1095 1030 in

347 1047 478 1083 Oriente
498 1048 615 1084 isaacio
637 1048 773 1095 Angelo‚
793 1049 823 1083 in
838 1048 1011 1084 Occidente
1025 1048 1096 1084 Fri-

348 1100 454 1137 derico
487 1102 672 1137 AEnobarbo
712 1102 963 1149 imperatoribus.
1008 1102 1096 1138 Obiit

347 1156 500 1203 ¹siquidem
524 1157 575 1191 die
601 1159 643 1191 119
662 1157 799 1192 octobris
821 1169 904 1192 anno
922 1159 1014 1192 1487
1037 1160 1095 1203 (5),

380 1227 419 1261 (1)
436 1227 591 1266 Radulphus
607 1228 639 1254 de
659 1229 761 1259 Diceto,
775 1229 843 1254 ΗΜ,
866 1230 967 1260 Anytic.
985 1229 1094 1260 Script„

344 1270 385 1297 ed.
400 1271 523 1305 Seldeno,
545 1281 603 1299 eum
622 1277 699 1300 vocat
716 1273 902 1299 Humbertum.
922 1274 976 1300 Nos
987 1281 1048 1299 eum
1059 1272 1095 1299 U-

345 1317 450 1343 bertum
468 1325 664 1352 nuncupamus,
681 1325 734 1352 quo
751 1318 856 1344 nomine
872 1317 1033 1352 appellatum
1053 1319 1093 1346 le—

343 1360 428 1393 gimus
438 1368 451 1387 a
463 1362 638 1396 scriptoribus
648 1362 747 1388 Rerum
760 1362 1004 1389 lilediolanensium:
1018 1371 1095 1398 prae-

343 1406 419 1438 cipue
436 1414 501 1433 vero
517 1414 530 1432 a
549 1406 678 1433 Puricello
694 1407 718 1432 in
740 1407 917 1433 monumentis
938 1407 1095 1435 Ambrosia-

345 1457 391 1476 uae
417 1450 546 1478 basilicae.
577 1453 619 1487 (2)
645 1453 672 1478 ln
692 1452 810 1486 catalogo
835 1451 1092 1487 archiepiscoporum

347 1498 587 1529 llediolanensium,
610 1504 674 1525 tom.
693 1506 712 1524 11
733 1500 857 1524 Actorum
874 1497 993 1524 eiusdem
1004 1498 1094 1526 Eccle-

343 1544 404 1573 siae,
427 1542 545 1576 legimus,
565 1542 701 1568 Urbanum
718 1542 830 1568 electum
848 1542 997 1569 Pontificem
1012 1546 1039 1569 tn
1055 1547 1094 1570 vi-

343 1589 405 1619 qitta
418 1587 519 1613 Natalis
537 1588 657 1613 Domini:
672 1595 725 1621 quo
737 1587 832 1621 posito.
848 1591 900 1614 tota
916 1592 1004 1614 rueret
1015 1588 1095 1616 chro-

345 1631 462 1665 nologia:
481 1634 560 1665 atque
577 1631 619 1657 hic
639 1631 747 1666 quidem
764 1632 897 1666 catalogus
920 1636 1041 1668 tempore
1065 1634 1092 1661 S.

343 1675 587 1703 t2a1·olissorr0maci
604 1677 750 1709 confectus,
764 1677 888 1704 omnibus
898 1678 1094 1713 antiquioribus

343 1721 481 1756 mtalogis,
507 1721 639 1748 chronicis
664 1726 690 1747 et
723 1721 899 1756 scriptoribus
924 1722 1091 1751 adversatur.

345 1768 481 1792 Praeterea
498 1774 546 1792 nos
567 1766 721 1792 subjicimus
739 1766 838 1792 Bullam
865 1767 1005 1801 quamdam
1031 1769 1093 1796 alias

343 1819 374 1838 ex
394 1811 560 1838 Gebennensi
577 1811 686 1838 archivo
699 1811 894 1846 depromptam,
907 1811 996 1840 datam
1008 1815 1092 1841 Vero-

344 1865 401 1887 uac,
419 1865 436 1882 11
455 1859 510 1881 utus
527 1858 679 1881 (incendaris.
699 1863 768 1882 anno
797 1856 872 1888 2185,
892 1857 983 1891 primis
1001 1866 1094 1894 nempe

344 1899 511 1934 pontificatus
543 1899 641 1925 Urbani
668 1900 762 1926 diebus
790 1902 924 1936 scriptam.
961 1902 1090 1931 Ulterius:

344 1945 412 1969 bunc
429 1944 540 1969 electum
557 1944 636 1969 luisse
653 1943 694 1970 die
711 1945 743 1970 ⁸235
761 1945 924 1977 novembris,
939 1950 1038 1974 statuto
1051 1948 1093 1976 die

343 1988 431 2014 obitus
448 1990 519 2014 Lucu
535 1989 691 2020 decessoris,
704 1989 737 2014 ⁶24
749 1990 845 2016 mensis
855 1990 983 2022 eiusdem,
996 1991 1094 2020 diserte

344 2033 470 2068 probatur
491 2034 608 2059 omniurn
620 2038 758 2060 auctorum
769 2042 898 2062 consensu
918 2037 1093 2064 asserentium

345 2085 399 2111 ipsa
415 2078 466 2109 die,
485 2085 536 2112 qua
556 2078 676 2113 sepultus
695 2082 732 2104 est
755 2079 859 2110 Lucius,
877 2079 1051 2108 substitutum
1070 2082 1092 2108 ei

344 2123 422 2149 tuisse
440 2122 584 2149 Urbanum.
610 2123 647 2157 (5)
669 2122 738 2149 Haec
758 2122 912 2157 Radulphus
937 2124 969 2151 de
985 2125 1090 2154 Diceto:

345 2167 506 2193 Hmnbertus
593 2170 707 2193 kalendis
732 2170 874 2194 decembris
889 2173 1032 2196 coronatus
1056 2175 1092 2197 est

345 2220 371 2236 m
389 2212 500 2237 Ecclesia
516 2213 541 2237 S.
562 2211 734 2237 Petrimontis
751 2214 778 2237 in
794 2214 934 2243 sapei-citio
955 2215 1090 2241 collocata.

345 2259 383 2291 (lt)
409 2257 476 2283 Haec
504 2257 655 2292 unicuique,
678 2256 717 2283 vel
735 2257 900 2283 mediocriter
921 2260 1091 2294 computandi

344 2310 434 2335 gnaro,
453 2305 552 2336 patent,
571 2304 590 2328 si
601 2304 755 2336 computum
772 2309 785 2327 a
797 2301 838 2328 die
848 2301 982 2330 electionis
994 2303 1091 2331 Urbani

344 2348 500 2378 deducatur,
521 2346 593 2381 quod
611 2355 658 2373 nos
674 2348 852 2379 servavimus,
866 2351 894 2374 ut
909 2356 969 2375 cum
981 2350 1092 2377 caeteris

345 2392 510 2426 chronologis
535 2392 746 2418 conveniremus
766 2392 820 2418 Hoc
845 2394 915 2419 enim
941 2397 1045 2429 tempus
1069 2397 1091 2422 ei

345 2438 407 2462 dant
419 2436 537 2463 Octavus
547 2445 578 2463 ex
591 2437 714 2471 catalogis
725 2438 837 2464 Criticae
848 2438 1007 2466 Batonianae
1015 2448 1091 2474 prae·
1111 2445 1114 2470 Ι
1226 2468 1230 2474 ,
1249 2462 1253 2467 .
1335 2463 1339 2467 .
1409 2470 1413 2473 ³
1718 2466 1721 2467 .
1800 2463 1804 2466 ⁴
1840 2462 1846 2467 .

1110 2471 1114 2491 t
1133 2464 1169 2486 est
1191 2464 1223 2486 tet
1234 2464 1269 2486 tto
1284 2462 1382 2486 clectmo
1399 2463 1572 2487 kalendarum
1588 2463 1743 2493 novembris,
1761 2470 1807 2496 qui
1821 2464 1869 2489 dte:

346 2488 440 2512 m¹⁵³¹⁵'
454 2479 705 2508 Chromconpossae
714 2482 815 2513 Novae'
828 2483 911 2509 c⁰d⁸x
922 2484 1028 2518 qumam
1041 2493 1090 2512 ms·
1110 2502 1114 2533 ξ
1133 2502 1189 2527 eius
1205 2500 1356 2535 sepulturae
1373 2499 1552 2527 restituendus
1562 2503 1611 2532 est,
1628 2504 1698 2532 apud
1709 2502 1865 2528 Ferrariam

1253 661 1405 706 episcopos
1427 662 1463 694 de
1483 662 1532 695 sui
1551 662 1689 696 electione
1711 663 1773 706 (5).

1406 730 1620 762 SUMMARIUM

1140 796 1294 827 Praefatio.
1323 814 1362 820 -
1386 797 1467 827 Lucii
1490 797 1584 837 Papae
1607 797 1644 827 Ill
1666 798 1773 829 obitus.
1792 815 1832 821 —
1854 798 1885 829 ln

1179 843 1362 872 successoris
1385 842 1526 872 electione
1543 843 1710 873 concordia.
1724 841 1886 873 -Urbani

1178 888 1208 917 in
1232 896 1380 917 summum
1399 885 1548 917 Pastorem
1568 887 1686 925 electio,
1702 904 1741 910 —
1755 887 1884 927 Eiusque

1177 933 1207 962 in
1235 932 1366 962 divinum
1386 932 1565 962 adiutorium
1591 941 1658 971 spes
1681 932 1763 962 firma
1786 937 1814 962 et
1834 933 1883 962 in-

1177 985 1333 1006 concussa.
1361 993 1400 1000 —
1430 974 1567 1006 Omnium
1598 985 1665 1006 vero
1693 984 1795 1016 preces
1826 980 1884 1006 tam

1177 1030 1229 1061 pro
1262 1021 1381 1061 seipso,
1412 1030 1500 1060 quam
1530 1029 1580 1061 pro
1612 1022 1709 1051 anima
1737 1020 1882 1051 demortui

1176 1066 1326 1097 Pontificis
1349 1066 1385 1096 ad
1402 1065 1557 1096 Dominum
1581 1066 1644 1096 fieri
1664 1066 1805 1096 hortatur.

1136 1138 1256 1167 Urbanus
1279 1139 1419 1174 episcopus
1447 1144 1542 1166 servus
1562 1143 1699 1167 servorum
1727 1137 1783 1172 Dei.
1804 1144 1882 1167 veno·

1902 267 1953 294 An.
1971 266 2000 294 C.
2016 267 2082 296 ttstt

1180 1189 1311 1217 rabilibus
1323 1187 1460 1217 tratribus
1471 1187 1679 1223 archiepiscopis
1691 1188 1719 1216 et
1734 1187 1867 1224 episcopis
1875 1208 1882 1221 ,
1925 1227 1927 1229 ι

1180 1239 1210 1266 et
1228 1237 1335 1266 dilectis
1358 1237 1423 1265 tiliis
1442 1236 1593 1269 abbatibus,
1607 1236 1752 1273 prioribus.
1772 1238 1802 1267 et
1823 1243 1884 1266 oae-

1178 1286 1249 1316 taris
1268 1286 1446 1315 Ecclesiarum
1455 1285 1591 1322 praelatis
1603 1286 1638 1314 ad
1653 1285 1828 1322 quosliterao
1838 1283 1883 1325 (lt)

1178 1337 1360 1373 pervenerint.
1382 1336 1501 1365 salutern
1519 1337 1547 1365 et
1571 1336 1748 1372 apostolicam
1777 1335 1882 1365 benedi·

1179 1387 1303 1416 ctionem.

1183 1454 1335 1489 Caelestis
1360 1453 1502 1488 Altitudo
1529 1453 1651 1488 consilii
1680 1454 1802 1488 firmam
1829 1465 1880 1488 re-

1134 1504 1238 1539 tinens
1263 1504 1294 1538 in
1315 1516 1371 1538 sua
1402 1503 1609 1550 dispositione
1630 1515 1809 1544 censuram,
1830 1515 1881 1538 sa-

1134 1561 1327 1589 crosanctam
1342 1552 1516 1587 Romanam
1530 1552 1714 1593 Ecclesiam,
1740 1552 1778 1587 ad
1793 1553 1882 1588 cuius

1136 1605 1273 1650 regimen
1292 1615 1412 1643 sumus,
1425 1602 1496 1637 licet
1512 1601 1747 1646 insufficientes,
1766 1614 1881 1638 assum-

1136 1655 1191 1700 pti,
1224 1665 1316 1700 supra
1345 1661 1464 1699 petram
1491 1651 1581 1686 Fidei
1614 1651 1768 1687 soliditate
1802 1652 1882 1688 suu-

1135 1703 1234 1744 davit,
1274 1702 1349 1737 illud
1385 1702 1414 1736 ei
1449 1701 1588 1736 tribuens
1628 1702 1658 1736 in
1691 1702 1881 1749 apostolicae

1134 1752 1340 1788 consessionis
1366 1751 1547 1787 fortitudine
1567 1751 1810 1793 firmamentum,
1828 1751 1879 1787 cui

1136 1814 1194 1837 nec
1215 1802 1350 1850 procella
1371 1800 1516 1842 turbinis,
1544 1813 1601 1836 nec
1622 1800 1796 1848 praevalere
1811 1813 1881 1849 pos-

1134 1853 1174 1887 sit
1195 1852 1325 1899 spiritus
1350 1850 1553 1898 tempestatis.
1582 1849 1674 1886 Unde
1708 1851 1774 1897 ipsa
1807 1852 1879 1886 uni-

1136 1901 1263 1936 versalis
1284 1908 1384 1936 mater
1400 1900 1541 1935 Ecclesia
1567 1912 1665 1947 usque
1683 1899 1720 1935 ad
1737 1912 1878 1935 consum·

1135 1952 1303 1986 mationem
1325 1950 1441 1985 saeculi
1472 1957 1648 1985 manentem
1675 1962 1781 1984 secum
1806 1950 1880 1984 reti-

1135 2013 1213 2035 nens
1247 1999 1461 2044 Salvatorem‚
1501 1999 1561 2044 ita,
1603 2000 1686 2034 iuxta
1723 2000 1878 2035 canticum

1134 2050 1325 2094 Salomonis,
1357 2061 1450 2097 quem
1475 2048 1583 2083 dilexit
1609 2048 1825 2096 amplectitur,
1846 2058 1879 2084 ut

1135 2112 1191 2147 pro
1217 2100 1301 2134 nulla
1325 2110 1427 2133 rerum
1450 2098 1608 2143 varietate⁷
1631 2098 1678 2133 vel
1701 2107 1877 2146 temporum

1134 2148 1172 2183 ab
1191 2149 1308 2184 unitate
1335 2160 1410 2183 suae
1437 2147 1521 2188 fidei,
1545 2147 1590 2182 vel
1617 2148 1740 2196 pietatis
1762 2159 1879 2195 propo-

1134 2220 1189 2247 loco
1209 2221 1300 2247 citato:
1327 2219 1445 2246 Obiit...
1469 2220 1591 2246 Urbanus
1615 2227 1664 2246 xrv
1684 2221 1805 2245 kalendas
1829 2228 1877 2244 ¹110-

1133 2263 1253 2287 vembris.
1270 2260 1309 2295 (1)
1326 2259 1399 2286 Libet
1415 2259 1456 2286 hic
1472 2260 1574 2295 Rogerii
1590 2258 1724 2286 ttovedeni
1741 2259 1820 2286 verba
1836 2267 1878 2286 re-

1133 2301 1237 2327 ferre...
1259 2301 1380 2326 Urbanus
1398 2301 1449 2326 111³.
1467 2308 1524 2326 cum
1541 2302 1651 2326 audisset
1667 2301 1735 2332 quod
1748 2302 1875 2332 tempor-r·-

1134 2342 1180 2366 bus
1195 2344 1248 2366 suis
1269 2342 1360 2372 captus
1378 2343 1439 2366 esset
1456 2348 1505 2366 rex
1515 2340 1756 2372 lerosolymt'tarttts,
1768 2344 1793 2366 et
1808 2349 1878 2367 crux

1135 2381 1282 2411 Dominica,
1303 2382 1327 2405 et
1346 2382 1436 2405 civitas
1455 2383 1546 2406 sancta
1567 2380 1720 2413 Ierusalem,
1737 2383 1821 2407 doluit
1834 2390 1877 2407 ve-

1133 2422 1276 2450 hementer,
1296 2423 1320 2445 et
1339 2422 1430 2446 incidit
1447 2423 1474 2446 in
1487 2422 1688 2452 aeyrt'tadincm,
1709 2425 1732 2446 ct
1756 2426 1874 2448 mortum

346 2524 520 2552 Blbns’ffiecae
545 2526 743 2559 Ambffifflfflfflea
765 2527 826 2553 Res·
851 2528 905 2553 lffll·
928 2529 1038 2563 SCsthw
1052 2534 1092 2556 (0·
1110 2537 1114 2565 l
1133 2541 1279 2568 Amalricus
1293 2545 1381 2568 autem
1399 2542 1462 2568 baec
1476 2540 1586 2567 addit...
1609 2540 1650 2565 Ibi
1665 2549 1681 2566 a
1697 2543 1767 2567 clero
1791 2545 1814 2567 et
1829 2550 1874 2573 pc.

346 2576 388 2595 mo
405 2577 445 2601 111,
463 2577 518 2604 pag.
548 2570 609 2602 ΗΠ,
629 2573 786 2603 Amalricus,
814 2574 964 2607 caeterique
989 2581 1089 2600 omnes.
1110 2576 1114 2618 Ξ

1132 2584 1194 2614 puto
1211 2584 1352 2614 honorifice
1367 2583 1418 2615 suit
1437 2583 1559 2614 sepultus.
1578 2580 1616 2615 (Ξ)
1634 2582 1670 2608 De
1688 2582 1735 2608 hoc
1745 2581 1840 2608 clarius
1850 2583 1876 2607 in

347 2614 385 2648 (ὅ)
403 2615 503 2642 Diserte
522 2615 571 2642 hoc
587 2617 681 2651 probat
698 2616 790 2652 pagius
807 2626 831 2643 in
844 2618 896 2643 vita
908 2617 1016 2644 Urbani.
1029 2618 1090 2645 Cla·
1110 2622 1114 2641 t
1132 2622 1258 2655 Gregorio
1274 2629 1436 2648 successore.
1474 2621 1513 2656 (5)
1528 2620 1568 2648 Ex
1587 2620 1697 2654 concil„
1725 2626 1786 2649 tom.
1813 2628 1874 2654 xitt,

347 2659 400 2685 rius
411 2661 535 2693 exprimit
547 2661 932 2696 Gervasiusinchronicoapud
940 2661 1090 2694 Seldenum,
1109 2669 1115 2699 t
1131 2661 1181 2689 col.
1202 2662 1262 2689 6:55.
1301 2662 1340 2696 (lt)
1357 2661 1430 2689 Adde
1445 2665 1519 2688 istae.

1929 1467 2040 1490 Praetutia.
