2129 3223
54 251 100 279 An.
117 251 147 280 C.
164 252 230 279 ΗΜ

52 1348 138 1371 {tontis
157 1356 169 1371 s
184 1351 223 1372 de-

41 1381 100 1402 cimis
116 1381 194 1402 eximit.

53 1594 148 1618 Faenius
163 1598 222 1619 roci-

41 1626 110 1652 pientii
131 1627 151 1647 in
174 1632 221 1648 mo·-

39 1658 131 1678 austerio
142 1665 146 1677 :

53 1788 82 1809 Ab
106 1794 131 1810 co
152 1791 221 1810 tamen

39 1817 160 1840 discedendi
176 1819 224 1840 adt-

40 1850 108 1870 mitur.

55 2389 212 2418 Prtvuogiorum

43 2423 160 2443 conce-zio.

847 251 1060 274 lNNOCENths
1082 252 1113 273 tv
1135 252 1182 275 Pe.

245 318 317 341 cum
347 304 541 353 pertinentiis
567 304 757 339 earumdem:
784 305 882 340 villam
906 318 986 353 quae
1004 307 1010 359 l
1029 305 1141 350 buerit,
1168 315 1198 342 et
1225 319 1260 342 ea
1290 308 1375 343 vobis
1404 310 1532 346 voluerit
1563 312 1631 348 sine

244 355 357 391 dicitur
384 353 600 394 Rentrestorff,
628 365 698 388 curn
722 355 869 389 omnibus
908 367 985 403 per—
1005 362 1007 384 t
1027 363 1087 391 tate
1107 356 1209 403 aliqua
1232 357 1390 395 exhibere.
1415 359 1624 398 prohibemus

245 404 381 440 tinentiis
413 404 489 438 suis.
530 403 648 438 Domos
681 415 757 450 quas
798 404 917 439 babetis
955 397 1007 439 inl

243 454 363 490 civitate
403 461 434 488 et
459 452 610 488 suburbio
647 452 877 488 Ratisbonensi.
921 454 1006 488 Dc-'

242 504 338 538 cimas
377 511 407 537 et
429 502 534 538 vineas
555 515 634 549 quas
673 502 792 538 habetis
827 504 855 537 in
889 505 1005 550 terri-3

241 554 322 588 torio
347 552 480 588 civitatis
501 552 652 586 eiusdem.
681 552 806 587 Mausos
828 565 906 600 quos
933 553 984 588 ha·

242 602 320 637 betis
342 601 416 637 inde
439 601 631 648 Langhaide,
654 600 692 636 de
724 601 906 646 Allekoven,
945 602 983 638 de
1004 603 1005 644 i

241 651 460 692 Arbenkoven,
483 651 522 686 de
545 650 698 698 Urspacb,
725 659 755 686 et
789 651 827 686 de
849 651 983 686 Scbuai-

241 701 320 736 thart
358 700 444 736 villas
466 713 536 735 cum
561 700 756 748 pertinentiis
790 701 981 735 earumdem.
1004 709 1005 718 ¹

240 750 365 786 Mausos
383 759 413 785 et
434 750 571 785 decimas
591 762 671 797 quos
693 749 814 785 habetis
840 750 869 784 in
897 750 984 785 Lud-

241 799 412 841 manstorff,
439 799 477 834 de
515 799 682 839 Gleumen,
723 799 761 833 de
801 799 983 844 Muncben,

239 849 279 884 de
304 848 450 896 Guigam,
473 848 511 884 de
530 850 591 889 An,
618 856 647 883 et
674 848 713 883 de
735 847 911 896 Cuglperge
926 850 983 884 vil-

240 897 284 933 las
305 910 375 934 cum
399 898 596 946 pertinentiis
617 898 808 936 earumdem,
824 898 861 933 de
883 899 982 945 Perge

238 955 268 983 et
283 947 323 983 de
346 947 556 983 Allnzliausen
580 947 666 982 villas
689 960 759 983 cum
790 948 983 995 pertinentiis

238 996 431 1042 earumdem,
444 1009 570 1032 mansos
584 1009 663 1045 quos
677 997 797 1032 habetis
819 997 848 1031 in
871 997 984 1032 Wasn-

238 1046 332 1082 storff
353 1054 383 1082 et
404 1046 443 1082 de
464 1047 601 1082 inferiori
632 1046 771 1082 Alnbacb
799 1046 884 1082 villas
910 1059 981 1082 cum
1002 1049 1003 1097 i

238 1096 435 1144 pertinentiis
447 1096 640 1140 earumdem,
663 1109 734 1131 cum
750 1097 852 1141 terris,
875 1097 982 1144 pratis,

238 1146 352 1190 vineis,
375 1145 571 1190 nemoribus,
605 1146 754 1192 usuagiis,
792 1154 820 1180 et
857 1147 982 1194 pascuis

237 1194 267 1229 in
295 1194 392 1230 bosco
426 1204 455 1231 et
477 1195 581 1244 plano,
617 1196 645 1229 iu
669 1196 759 1243 aquis
790 1203 821 1230 et
859 1195 982 1231 molen-

236 1243 332 1286 dinis,
360 1244 391 1280 iu
420 1244 475 1279 viis
508 1255 537 1280 et
559 1245 690 1287 semitis,
712 1253 742 1279 et
755 1244 902 1280 omnibus
915 1245 982 1281 aliis

236 1292 431 1329 libertatibus
452 1301 482 1328 et
504 1294 754 1329 immunitatibus
788 1295 863 1329 suis.
898 1294 981 1330 Sane

238 1343 393 1378 novalium
417 1351 589 1378 vestrorum
627 1355 708 1390 quae
746 1344 881 1391 propriis
912 1357 980 1379 ma-

237 1391 332 1428 nibus
366 1400 417 1428 aut
438 1393 614 1439 sumptibus
649 1393 763 1437 colitis,
794 1393 833 1428 de
865 1393 981 1440 quibus

236 1441 350 1489 aliquis
371 1442 523 1477 hactenus
557 1454 618 1477 non
654 1443 797 1489 percipit,
840 1442 903 1477 sive
943 1443 980 1478 de

238 1498 408 1527 vestrorum
437 1491 615 1526 animalium
641 1492 844 1527 nutrimentis
875 1492 980 1528 nullus

235 1552 252 1575 a
274 1540 362 1576 vobis
383 1541 522 1576 decimas
550 1542 674 1587 exigere
712 1541 759 1575 vel
794 1548 979 1588 extorquere

236 1598 424 1637 praesumat.
446 1590 551 1625 Liceat
577 1602 703 1638 quoque
729 1590 816 1626 vobis
837 1591 978 1631 clericos,

237 1639 282 1674 vel
303 1639 398 1674 laicos
425 1639 538 1674 liberos
559 1649 589 1674 et
610 1639 769 1675 absolutos
804 1653 821 1676 e
855 1642 979 1676 saeculo

236 1688 391 1735 fugientes
417 1689 454 1724 ad
471 1690 707 1724 couversionem
722 1690 870 1737 recipere,
885 1698 914 1725 et
927 1703 980 1726 eos

235 1737 353 1785 absque
395 1738 640 1774 contradictione
686 1739 788 1786 aliqua
834 1740 978 1774 retinere.
999 1743 1001 1749 ⁴

237 1786 444 1823 Probibemus
471 1788 599 1835 insuper
626 1796 658 1823 ut
680 1788 756 1822 nulli
785 1788 911 1823 fratrum
934 1801 980 1824 ve-

236 1843 371 1872 strorum
407 1844 476 1884 post
515 1837 624 1873 factam
671 1837 894 1885 professionem
936 1839 978 1873 fas

236 1886 276 1920 sit
296 1886 365 1922 siue
388 1886 554 1934 praepositi
584 1888 720 1928 licentia,
743 1887 800 1922 nisi
840 1889 979 1923 arctioris

236 1935 397 1982 religionis
423 1936 564 1980 obtentu,
588 1937 625 1971 de
648 1936 757 1972 eodem
780 1936 848 1972 loco
875 1937 980 1972 disce-

236 1984 320 2020 dere:
344 1985 557 2020 discedentem
586 1998 656 2020 vero
684 1986 802 2034 absque
834 1998 980 2022 commu-

236 2034 320 2069 nium
350 2034 522 2070 litterarum
552 2036 697 2070 cautione
726 2036 830 2071 nullus
865 2037 977 2072 audeat

236 2084 378 2120 retinere.
415 2083 495 2119 Cum
530 2093 631 2119 autem
671 2087 814 2131 generale
848 2086 979 2121 interdi-

235 2142 319 2169 ctum
344 2142 442 2169 terrae
475 2133 579 2175 fuerit,
614 2134 703 2168 liceat
745 2135 832 2170 vobis
864 2136 978 2172 clausis

237 2184 348 2223 ianuis,
371 2184 648 2218 excommunicatis
669 2193 697 2219 et
725 2184 898 2220 interdictis
924 2198 978 2221 ex-

235 2233 342 2274 clusis,
370 2245 431 2268 non
455 2233 584 2280 pulsatis
610 2235 782 2280 campanis,
807 2234 978 2270 dummodo

235 2294 360 2318 causam
377 2295 438 2318 non
454 2282 601 2317 dederitis
615 2282 788 2325 interdicto,
811 2297 977 2331 suppressa

237 2343 311 2367 voce
350 2331 453 2367 divina
492 2331 590 2367 officia
629 2331 795 2367 celebrare.
834 2333 977 2369 Chrisma

237 2393 320 2426 vero,
345 2380 459 2416 Oleum
482 2389 636 2421 sanctum,
659 2383 910 2419 consecrationes
931 2384 978 2418 al-

237 2430 360 2475 tarium,
383 2442 437 2466 seu
462 2430 670 2474 basilicarum,
693 2431 902 2468 ordinationes
914 2433 978 2468 cle-

238 2479 384 2521 ricorum,
406 2480 458 2527 qui
481 2480 519 2515 ad
542 2480 668 2515 ordines
702 2480 815 2515 fuerint
850 2494 979 2529 promo-

239 2528 342 2573 vendi,
368 2541 384 2565 a
406 2530 591 2565 dioecesano
617 2530 792 2577 suscipietis
818 2531 977 2579 episcopo,

237 2578 391 2625 siquidem
419 2579 591 2614 catholicus
623 2579 738 2619 fuerit,
771 2589 800 2614 et
834 2591 978 2617 commu-

238 2627 363 2663 nionem
386 2636 600 2664 sacrosanctae
621 2628 780 2664 Romanae
806 2629 889 2664 sedis
916 2631 978 2666 ba—

1649 247 1711 281 541

1665 312 1767 362 pravi-

1640 374 1768 411 insuper

1027 413 1059 439 ut
1091 405 1167 441 infra
1209 407 1373 453 parochiae
1408 418 1526 445 vestrae
1561 411 1666 448 nullus
1699 413 1766 450 sine

1025 466 1152 490 assensu
1183 455 1361 492 dioecesani
1399 459 1550 507 episcopi,
1589 469 1619 496 et
1652 471 1765 503 vestro,

1025 504 1208 552 cappellam,
1235 518 1288 541 seu
1312 509 1481 543 oratorium
1509 510 1547 545 de
1574 522 1654 547 novo
1690 525 1766 548 con·

1025 561 1145 589 struere
1166 555 1289 595 audeat,
1317 557 1411 593 salvis
1446 559 1614 606 privilegiis
1634 561 1766 598 Pontifi-

1025 616 1098 638 cum
1121 603 1346 640 Romanorum.
1370 607 1417 642 Ad
1441 608 1516 643 liaec
1550 621 1645 644 novas
1667 620 1696 646 et
1722 612 1767 647 in·

1024 652 1143 688 debitas
1160 655 1350 696 exactiones,
1372 657 1411 691 ab
1428 657 1682 707 archiepiscopis,
1703 662 1767 709 epi·

1026 703 1141 751 scopis,
1166 703 1402 745 archidiaconis,
1425 719 1478 742 seu
1514 708 1651 749 decanis,
1685 710 1767 746 aliis-

1024 764 1085 799 que
1111 753 1256 788 omnibus
1277 755 1508 796 ecclesiasticis,
1534 765 1564 792 et
1590 759 1766 796 saeculari-

1025 801 1083 837 bus
1107 803 1247 849 personis
1268 816 1284 838 a
1307 804 1396 841 vobis
1421 807 1550 842 omnino
1572 807 1637 843 fieri
1659 809 1766 856 prohi-

1024 851 1145 886 bemus.
1181 851 1381 900 Sepulturam
1417 866 1542 903 quoque
1582 857 1678 904 ipsius
1705 858 1764 894 loci

1024 900 1151 936 liberam
1174 913 1242 937 esse
1270 903 1478 944 decernimus,
1502 912 1534 940 ut
1558 917 1666 942 eorum
1709 908 1766 943 de-

1024 951 1136 986 votioni
1159 959 1188 985 et
1215 961 1371 988 extremae
1388 954 1552 995 voluntati,
1573 956 1626 1004 qui
1649 969 1683 992 se
1704 958 1765 993 illic

1023 1000 1145 1047 sepeliri
1159 1000 1406 1045 deliberaverint,
1420 1003 1480 1038 nisi
1496 1003 1765 1042 forteexcommu-

1025 1050 1127 1087 nicati.
1152 1050 1196 1084 vel
1211 1052 1365 1087 interdicti
1381 1053 1455 1097 sint,
1468 1063 1521 1088 aut
1538 1055 1630 1090 etiam
1649 1055 1763 1103 publici

1025 1099 1174 1142 usurarii,
1217 1100 1321 1135 nullus
1355 1102 1501 1137 obsistat:
1536 1104 1617 1139 salva
1660 1114 1763 1141 tamen

1023 1147 1136 1182 iustitia
1162 1149 1282 1184 illarum
1306 1150 1516 1186 Ecclesiarum
1533 1153 1674 1201 aquibus
1686 1167 1766 1190 mor-

1023 1205 1146 1232 tuorum
1185 1210 1313 1246 corpora
1361 1209 1573 1237 assumuntur.
1618 1203 1765 1240 Decimas

1024 1255 1192 1293 praeterea,
1215 1257 1244 1283 et
1268 1250 1480 1296 possessiones
1506 1251 1543 1286 ad
1570 1252 1619 1288 ius
1649 1253 1764 1289 Eccle-

1022 1296 1137 1331 siarum
1178 1305 1348 1333 vestrarum
1386 1308 1588 1347 spectantes,
1634 1314 1715 1350 quae
1747 1315 1764 1338 a

1023 1345 1109 1380 laicis
1131 1345 1321 1392 detinentur,
1343 1348 1529 1390 redimendi,
1562 1359 1593 1386 et
1627 1352 1765 1397 legitime

1023 1394 1172 1430 liberandi
1195 1396 1233 1431 dc
1261 1397 1406 1433 manibus
1427 1411 1557 1440 eorum,
1579 1408 1608 1435 et
1634 1401 1672 1435 ad
1709 1401 1765 1437 Ec-

1022 1444 1131 1479 clesias
1145 1445 1181 1479 ad
1205 1458 1282 1493 quas
1304 1448 1460 1494 pertinent
1482 1449 1646 1485 revocandi
1669 1450 1763 1486 libera

1021 1494 1060 1528 sit
1083 1494 1169 1529 vobis
1196 1495 1234 1530 de
1273 1498 1453 1532 auctoritate
1485 1507 1587 1534 nostra
1623 1499 1761 1535 facultas.

1021 1543 1167 1578 Obeuute
1195 1557 1266 1580 vero
1295 1554 1324 1580 te
1357 1547 1497 1581 eiusdem
1530 1549 1586 1583 loci
1630 1561 1763 1597 praepo-

1000 1593 1090 1639 sito,
1119 1594 1163 1627 vel
1197 1602 1320 1630 tuorum
1356 1596 1497 1642 quolibet
1531 1610 1762 1640 successorum,

1020 1642 1126 1676 nullus
1153 1643 1268 1678 ibidem
1291 1645 1429 1691 qualibet
1451 1646 1664 1694 subreptionis
1684 1657 1762 1683 astu-

1000 1692 1059 1742 {tia
1083 1704 1137 1726 seu
1166 1693 1309 1728 violentia
1333 1703 1552 1741 praeponatur,
1580 1697 1637 1732 nisi
1668 1709 1761 1745 quem

1022 1740 1129 1775 fratres
1150 1744 1308 1777 communi
1340 1755 1509 1786 consensu,
1546 1746 1592 1781 vel
1632 1747 1760 1782 fratrum

1021 1791 1117 1824 maior
1151 1803 1220 1838 pars
1252 1792 1373 1827 consilii
1413 1795 1545 1830 sanioris
1587 1796 1760 1832 secundum

1020 1839 1120 1874 Deum
1144 1849 1173 1874 et
1210 1841 1288 1875 beati
1312 1843 1480 1890 Augustini
1514 1846 1651 1891 regulam
1689 1859 1763 1894 pro-

1021 1889 1153 1924 viderint
1174 1890 1361 1937 eligendum.
1382 1892 1454 1928 Paci
1477 1906 1603 1942 quoque
1624 1902 1655 1930 et
1683 1904 1763 1931 tran-

1021 1938 1164 1985 quillitati
1188 1948 1305 1976 vestrae
1328 1949 1452 1988 paterna
1472 1943 1501 1978 in
1521 1952 1681 1991 posterum
1698 1946 1761 1980 sol-

1020 1988 1179 2024 licitudine
1215 1991 1374 2037 providere
1408 1992 1560 2038 volentes,
1581 1995 1762 2030 auctoritate

1019 2038 1186 2085 apostolica
1203 2040 1415 2086 probibemus,
1439 2050 1470 2077 ut
1493 2042 1569 2078 infra
1602 2044 1761 2080 clausuras

1020 2087 1172 2128 locorum,
1187 2101 1241 2123 seu
1269 2091 1467 2136 grangiarum
1491 2101 1672 2139 vestrarum,
1687 2095 1759 2129 nul-

1020 2136 1068 2172 lus
1095 2139 1233 2185 rapinam
1271 2140 1318 2173 vel
1347 2140 1460 2175 furtum
1501 2141 1623 2183 facere,
1656 2145 1760 2190 ignem

1018 2199 1185 2233 apponere,
1208 2189 1392 2235 sanguinem
1420 2190 1564 2232 fundere,
1601 2193 1759 2229 hominem

1020 2245 1135 2271 temere
1157 2249 1278 2284 capere,
1306 2238 1352 2272 vel
1380 2239 1564 2281 interficere,
1597 2254 1652 2276 seu
1695 2243 1760 2278 vio-

1019 2285 1142 2320 lentiam
1155 2297 1301 2322 exercere
1321 2288 1442 2322 audeat.
1468 2288 1628 2326 Praeterea
1652 2303 1760 2327 omnes

1019 2334 1175 2369 libertates
1197 2344 1226 2369 et
1248 2336 1487 2372 immunitatesa
1511 2339 1758 2385 praedecessori-

1019 2383 1077 2418 bus
1100 2385 1213 2419 nostris
1232 2385 1381 2420 Romanis
1409 2386 1614 2424 Pontificibus
1648 2389 1759 2426 Eccle—

1018 2433 1081 2468 siae
1105 2441 1221 2468 vestrae
1247 2446 1424 2475 concessas,
1447 2448 1568 2472 necnon
1601 2437 1757 2476 libertates

1018 2491 1045 2517 et
1070 2483 1283 2529 exemptiones
1320 2484 1523 2520 saecularium
1558 2488 1755 2524 exactionum

1018 2543 1033 2566 a
1056 2532 1180 2578 regibus
1198 2541 1228 2567 et
1251 2533 1453 2580 principibus.
1470 2534 1516 2569 vel
1532 2535 1602 2571 aliis
1615 2537 1758 2574 fidelibus

1019 2581 1242 2616 rationabiliter
1288 2582 1373 2617 vobis
1406 2583 1539 2620 indultas
1576 2588 1756 2624 auctoritate

1018 2630 1188 2678 apostolica
1210 2631 1443 2674 confirmamus,
1457 2642 1486 2668 et
1500 2637 1670 2672 uraesentts
1686 2638 1759 2673 scri-

1784 258 1833 284 An.
1852 257 1877 284 c⁴
1897 258 1963 295 ιω

1789 1561 1818 1582 De
1853 1561 1960 1582 electione

1776 1594 1890 1619 praepositi
1900 1601 1903 1613 :

1789 1904 1837 1926 Eius
1845 1906 1890 1931 paci
1900 1909 1920 1925 et
1928 1911 1957 1926 in-

1776 1936 1883 1957 demnitati
1905 1942 1957 1957 enn-

1776 1966 1857 1988 sutttur.
