2129 3223
41 278 89 304 An.
110 275 137 303 C.
155 276 219 303 1256

233 329 396 364 beatorum
426 328 508 364 Petri
527 335 558 362 et
575 327 664 362 Pauli
683 328 895 374 apostolorum
915 328 983 362 eius

232 390 266 413 se
288 378 411 413 noverit
433 377 643 412 incursurum.

281 427 396 463 Datum
424 426 567 462 Laterani
590 426 682 460 tertio
705 438 804 460 nonas
824 426 980 467 februarii,

232 476 433 524 pontificatus
455 475 550 511 nostri
579 487 660 510 anno
683 475 833 509 secundo.

258 532 320 563 Dat.
343 533 390 562 die
408 532 426 562 3
442 532 583 563 februarii
604 532 689 569 1256,
707 532 809 571 pontis.
825 542 900 562 anno
918 542 945 563 n.

553 645 652 680 XXV.

228 712 423 751 Dedan-aiio,
461 714 543 757 quod
577 725 616 746 ex
652 713 889 746 concessionibus
925 725 979 758 per

277 763 484 807 Apostoli'cam
522 763 629 795 Sedem
659 763 837 806 cuicumque
871 763 972 806 factis,

275 812 322 844 vel
341 812 501 855 faciendis,
524 812 640 844 nullum
662 812 886 855 praeiudicium
907 813 978 856 fra-

274 862 370 894 tribus
397 861 556 904 hospitalis
583 861 617 894 S.
646 861 772 893 loannis
795 860 976 905 Hierosoly-

274 910 385 943 mitam'
411 911 575 953 inferatur,
606 909 667 942 nisi
698 910 836 954 specifica
871 921 974 943 eorum

273 961 384 992 mentio
408 959 463 1003 fiat
492 959 522 991 in
549 959 656 991 litteris
682 959 856 1002 apostolicis
881 962 941 999 (l).

492 1026 706 1057 St'MMARIUM

223 1078 555 1119 Hierosolymitanoruin
579 1080 709 1119 equitum
734 1080 910 1109 encomium.
935 1097 974 1102 —

263 1119 451 1158 privilegium
473 1120 518 1157 (de
545 1130 593 1158 quo
616 1120 642 1148 iu
663 1119 796 1155 rubrica).
823 1136 861 1141 —-
883 1119 972 1149 Clan-

261 1159 355 1189 sulae.

221 1225 373 1255 Alexander
386 1226 527 1261 episcopus
539 1232 634 1253 servus
648 1231 786 1254 servorum
794 1224 851 1259 Dei,
865 1226 974 1254 dilectis

265 1269 332 1298 tuiis
351 1270 496 1305 magistro.
517 1271 546 1298 et
563 1269 701 1298 fratribus
718 1270 865 1305 hospitatis
883 1270 972 1298 Hiero-

266 1314 437 1349 solymitani,
451 1315 571 1343 satutem
581 1315 611 1342 ot
622 1314 800 1349 apostoticam
809 1314 973 1344 benedictio-

265 1365 335 1387 nem.

271 1421 341 1468 Ipsa
364 1433 422 1456 nos
447 1423 531 1467 cogit
553 1421 651 1468 pictas
678 1420 816 1455 honestis
844 1421 971 1467 petitio—

36 1469 316 1506 mensumn-nibus
348 1470 460 1505 vestris
497 1469 709 1504 exauditionis
741 1470 871 1515 gratiam
908 1483 969 1504 non

23 1510 206 1561 mammutium
222 1531 348 1565 negare,
370 1518 489 1566 quibus
521 1518 628 1553 efficax
652 1531 689 1553 ex
716 1530 753 1553 eo
776 1518 889 1553 favoris
917 1532 970 1566 pa-

222 1568 391 1603 trocinium
435 1568 641 1615 suffragatur,
684 1567 768 1615 quod
814 1574 969 1615 pastorem

218 1617 313 1652 aliurn
342 1624 466 1665 praeter
491 1616 669 1652 Romanum
694 1617 878 1651 Pontificem
907 1630 968 1652 non

219 1666 382 1707 habentes,
415 1678 472 1713 pro
484 1665 598 1701 Terrae
617 1665 750 1701 Sanctae
779 1666 887 1709 tutela,
918 1668 968 1701 oui

219 1723 408 1762 perpetuum
440 1715 602 1762 religionis
633 1722 752 1750 vestrae
779 1715 968 1762 obsequium

217 1763 396 1805 dedicastis,
413 1765 443 1799 in
467 1764 587 1799 fervore
605 1764 764 1799 charitatis
783 1764 969 1811 intrepidae,

218 1813 280 1848 sub
304 1813 414 1848 devota
441 1813 536 1848 Sedis
563 1813 763 1860 Apostolicae
791 1813 968 1848 obedientia

218 1862 390 1909 prudenter
411 1862 567 1909 exponitis
595 1870 703 1896 contra
728 1862 865 1908 impetus
897 1863 970 1897 infi-

218 1910 337 1946 delium
364 1923 414 1946 res
440 1918 470 1945 et
497 1911 600 1945 vitain.
625 1910 693 1946 Hoc
716 1911 775 1945 iam
804 1911 969 1947 manifeste

219 1959 360 2007 probavit
387 1959 537 2006 frequens
567 1959 696 1994 fratrum
732 1968 905 1995 vestrorum
939 1969 969 1996 et

219 2021 409 2045 numerosus
448 2008 632 2049 occubitus,
674 2010 728 2056 qui
769 2009 901 2055 gloriosa
939 2011 968 2045 in

218 2066 390 2105 conspectu
413 2058 540 2093 Domini
568 2066 680 2101 morte,
709 2070 763 2105 pei·
784 2070 877 2105 quam
902 2059 969 2094 adi-

219 2115 271 2143 tus
292 2108 372 2144 vitae
400 2115 495 2155 patet,
517 2107 556 2142 de
578 2106 691 2143 Crucis
712 2107 830 2143 Christi
867 2108 970 2143 hosti-

218 2157 278 2192 bus
316 2157 468 2193 bactenus
500 2156 745 2203 triumpharunt.
781 2157 849 2192 Hoc
883 2169 969 2192 nunc

218 2206 332 2242 clamat
366 2207 396 2240 iu
429 2205 561 2241 auribus
594 2206 734 2240 omnium
772 2206 860 2251 illud,
890 2207 968 2254 proh

218 2255 325 2291 dolor!
353 2256 432 2290 sacri
456 2255 619 2301 sanguinis
642 2255 829 2301 profluvium
853 2256 970 2303 copio-

219 2317 310 2344 sum,
343 2317 406 2352 quo
434 2303 692 2352 praecedentibus
727 2305 818 2338 annis
851 2304 879 2338 in
909 2305 970 2340 illis

220 2353 364 2401 partibus
390 2354 532 2388 laverunt
562 2353 600 2387 de
636 2353 795 2388 modernis
823 2354 969 2389 fratribus

219 2403 331 2438 vestris
364 2402 587 2450 quamplurimi
623 2401 719 2437 stolas
752 2414 836 2437 suas.
866 2401 970 2450 Super

219 2451 336 2499 quibus
363 2452 513 2487 nimirum
541 2461 571 2486 et
598 2451 666 2486 aliis
700 2450 970 2496 christifidelibus,

219 2513 298 2547 quos
319 2501 401 2536 idem
425 2514 518 2537 casus
540 2501 641 2535 evexit
662 2499 699 2534 ad
724 2500 870 2547 palmam,
900 2513 971 2548 per-

219 2561 309 2586 cussa
326 2551 525 2586 vehementer
544 2551 574 2585 in
593 2550 683 2584 nobis
710 2549 811 2584 iaculo
844 2550 970 2586 intimae

254 2615 296 2650 (1)
313 2616 351 2681 ¹732}
369 2615 464 2643 Codice
480 2615 621 2650 Diplomat.
641 2614 719 2641 huius
735 2614 852 2647 Ordinis,
870 2617 933 2642 tom.
951 2624 969 2648 1,

219 2663 279 2690 pag.
297 2656 313 2681 2
352 2675 357 2680 .

838 273 1033 296 ALExANnEn
1068 274 1100 296 iv
1123 274 1170 296 Pe.

1652 267 1722 299 629

1024 328 1252 375 compassionis
1276 330 1464 371 humanitas,
1487 331 1644 378 ingenitae
1667 334 1774 378 gravi-

1024 377 1095 412 tatis
1123 377 1281 425 paulisper
1308 378 1408 414 laxato
1435 380 1549 426 rigore,
1572 381 1771 428 superfluen-

1023 434 1084 461 tem
1108 426 1267 474 palpebris
1290 427 1448 463 Ecclesiae
1471 429 1633 466 Romanae
1654 430 1771 466 fontem

1022 476 1145 523 aperuit
1171 476 1392 524 lacrymarum,
1422 477 1494 513 licet
1520 479 1557 514 ad
1580 480 1773 515 consolatio—

1023 537 1093 560 nem
1115 525 1221 560 invitet
1243 526 1446 563 exultationis
1464 527 1592 564 festivae
1607 529 1770 576 gaudium.

1021 574 1105 622 quod
1127 574 1166 609 de
1194 575 1273 622 ipsis
1296 575 1577 613 inexterminabilis
1600 578 1771 626 proculdu-

1022 623 1071 659 bio
1093 624 1173 659 vitae
1192 636 1267 670 pace
1290 624 1476 667 fruentibus,
1498 639 1603 662 coram
1626 627 1693 663 Deo
1715 628 1771 664 ‹lu-

1019 673 1099 708 citur
1121 673 1151 707 in
1178 673 1322 709 excelsis.
1352 674 1472 710 Vestris
1499 676 1593 722 igitur
1619 677 1768 723 precibus

1019 721 1188 757 liberaliter
1209 731 1396 763 annuentes,
1418 724 1455 759 ad
1477 725 1573 760 instar
1596 725 1693 761 felicis
1717 740 1767 761 re-

1019 771 1212 806 cordationis
1240 772 1415 807 Innocentii
1438 773 1554 820 Papae,
1578 775 1767 822 praedeces-

1019 821 1097 855 soris
1124 821 1234 865 nostri,
1256 821 1414 857 devotioni
1438 831 1558 859 vestrae
1584 825 1767 860 auctoritate

1019 870 1230 916 praesentium
1259 870 1473 917 indulgemus,
1502 881 1535 908 ut
1565 885 1618 920 per
1639 875 1766 920 gratias.

1019 918 1063 953 vel
1087 919 1298 965 indulgentias
1316 933 1372 955 seu
1392 921 1510 957 litteras
1527 922 1684 970 quaslibet
1701 924 1767 970 qui-

1016 967 1214 1015 buscumque
1253 969 1417 1008 Ecclesiis,
1455 980 1510 1006 aut
1546 972 1767 1008 ecclesiasticis

1016 1017 1267 1053 saecularibusve
1301 1019 1444 1066 personis
1476 1020 1534 1055 sub
1567 1033 1766 1069 quacumque

1017 1066 1114 1101 forma
1145 1066 1309 1102 verborum
1329 1067 1368 1103 ab
1389 1068 1568 1115 Apostolica
1588 1070 1672 1105 Sede
1693 1083 1766 1106 con·

1015 1128 1131 1159 cessaS,
1147 1117 1193 1151 vel
1208 1117 1302 1151 etiam
1321 1118 1553 1163 concedendas,
1574 1120 1764 1154 mentionem

1016 1177 1077 1199 non
1107 1165 1257 1200 facientes
1278 1165 1317 1201 de
1339 1166 1482 1214 hospitali
1510 1176 1624 1212 vestro,
1651 1168 1765 1204 subie-

1014 1214 1136 1261 ctisque
1162 1214 1222 1249 sibi
1245 1214 1394 1250 domibus
1416 1225 1446 1251 et
1468 1217 1616 1253 fratribus
1637 1229 1766 1253 eorum-

1015 1262 1098 1302 dem,
1125 1275 1160 1297 ac
1188 1263 1298 1299 ordine
1329 1272 1447 1307 vestro,
1475 1266 1583 1307 vobis,
1610 1267 1656 1301 vel
1687 1268 1765 1314 ipsis

1015 1312 1136 1347 nullum
1162 1313 1391 1359 praeiudicium
1419 1323 1598 1360 generetur,
1620 1328 1679 1351 nec
1699 1329 1766 1363 gra-

1015 1361 1086 1400 tiae,
1111 1361 1336 1408 indulgentiae,
1358 1374 1394 1397 ac
1420 1364 1540 1399 litterae
1566 1364 1764 1409 huiusmodi,

1013 1409 1050 1445 ad
1080 1409 1234 1445 dictarum
1263 1411 1432 1447 domorum
1467 1421 1498 1448 et
1524 1413 1702 1460 hospitalis,
1729 1426 1765 1449 ac

1013 1459 1152 1506 ipsorum
1177 1459 1305 1494 fratrum
1333 1460 1535 1509 dispendium
1568 1463 1766 1510 aliquatenus

1013 1508 1231 1543 extendantur.
1255 1509 1478 1547 Praesentibus
1503 1520 1574 1559 post
1587 1513 1765 1559 quinquen-

1014 1558 1100 1592 nium
1125 1558 1253 1592 minime
1277 1559 1427 1595 valituris.

1061 1606 1146 1641 Nulli
1188 1619 1263 1654 ergo
1302 1609 1435 1644 omnino
1472 1609 1637 1646 hominum
1675 1611 1764 1646 liceat

1013 1655 1093 1690 lianc
1112 1656 1256 1703 paginam
1273 1666 1398 1693 nostrae
1413 1659 1630 1694 concessionis
1652 1660 1764 1694 infrin-

1012 1716 1096 1750 gere,
1120 1705 1166 1740 vel
1189 1706 1216 1740 ei
1239 1717 1318 1741 ausu
1343 1707 1511 1743 temerario
1533 1709 1699 1744 contraire.
1727 1709 1760 1743 Si

1012 1754 1082 1800 quis
1109 1754 1168 1789 lioc
1198 1761 1349 1791 attentare
1382 1758 1643 1805 praesumpserit,
1677 1758 1763 1793 indi-

1011 1803 1192 1848 gnationem
1215 1804 1439 1852 omnipotentis
1462 1806 1517 1841 Dei
1545 1815 1575 1841 et
1599 1807 1760 1842 beatorum

1013 1851 1095 1886 Petri
1123 1860 1154 1887 et
1188 1851 1277 1887 Pauli
1304 1855 1517 1901 apostolorum
1545 1856 1614 1891 eius
1641 1868 1674 1891 se
1703 1869 1763 1891 no-

1013 1908 1091 1935 verit
1120 1914 1331 1938 incursurum.

1062 1950 1176 1985 Datum
1199 1951 1343 1987 Laterani
1366 1952 1491 1989 decimo
1509 1954 1658 1989 kalendas
1677 1966 1762 1990 mar-

1012 1998 1056 2038 tii,
1082 2000 1283 2047 pontificatus
1310 2003 1406 2037 nostri
1427 2015 1509 2039 anno
1535 2004 1688 2039 secundo.

1042 2061 1104 2091 Dat.
1119 2062 1165 2092 die
1181 2062 1215 2092 ⁹21
1236 2062 1378 2094 februarii
1398 2065 1482 2102 1256,
1497 2064 1599 2104 pontif.
1615 2075 1691 2095 anno
1705 2075 1736 2097 ιι.

1330 2203 1442 2239 XXVI.
1491 2208 1497 2213 '

1015 2277 1107 2316 Quod
1136 2277 1258 2309 abbates
1285 2287 1304 2309 a
1330 2278 1500 2320 prioribus,
1535 2289 1609 2321 quos
1643 2278 1675 2310 in
1699 2280 1762 2311 suis

1059 2327 1247 2368 prioratibus
1258 2326 1430 2362 instituunt,
1446 2326 1564 2359 nullam
1574 2328 1758 2370 pensionem,

1061 2386 1111 2406 seu
1137 2375 1283 2418 pecuniae
1312 2376 1512 2417 quantitatem
1540 2381 1609 2407 ante
1629 2376 1675 2408 vel
1693 2384 1762 2419 post

1062 2423 1282 2455 institutionem
1314 2424 1434 2466 exigere
1452 2431 1652 2467 praesumant
1675 2426 1736 2466 (l).

1282 2489 1498 2521 SUMMARIUM

1012 2548 1123 2578 Causae
1148 2548 1230 2586 legis.
1247 2565 1284 2569 —-
1301 2547 1331 2576 lu
1349 2547 1560 2578 collationibus
1579 2549 1763 2586 prioratuun‘.¹

1053 2601 1107 2622 nec.
1125 2593 1248 2631 priores,
1264 2601 1318 2622 nec
1337 2592 1484 2631 prioratus
1500 2592 1679 2623 subiiciendi
1694 2603 1765 2624 one:

1049 2655 1088 2689 (l)
1106 2654 1142 2680 Ex
1162 2654 1265 2688 aegest.
1285 2653 1367 2680 Vatie.

1790 278 1839 304 An.
1859 278 1886 304 C.
1910 278 1974 305 12]ss

1791 685 1932 713 privilegium,
1942 689 1966 709 de

1784 723 1823 743 qun
1838 718 1858 738 in
1875 718 1965 739 rubrica.

1812 1616 1929 1638 cim-uns.
