2129 3223
45 240 98 273 Αιι.
111 240 140 268 C.
160 241 228 269 ¹202

845 245 1014 268 lNNOCBNTl
1021 245 1055 267 L's
1079 246 1113 268 ΙΙΙ
1139 246 1184 268 tw.

1668 243 1733 275 t85
1801 255 1849 281 An.
1870 254 1897 282 c.
1915 257 1982 284 taoa

242 298 372 333 scientia
393 297 666 340 eonfirmavimus3
693 298 808 345 quibus
824 300 919 335 etiam
935 300 992 335 etsi
1012 302 1016 350 l
1035 300 1211 336 municatos
1239 301 1302 336 fore
1332 304 1443 338 vestris
1465 303 1652 341 denuntiare
1683 308 1783 354 apici-

242 347 326 394 quod
349 347 427 382 forte
449 347 575 392 iniuria,
597 360 652 383 seu
673 348 861 394 negligentia
885 349 992 385 minus
1012 352 1014 376 l
1034 348 1109 384 bus:
1144 351 1197 396 qui
1225 351 1364 398 episcopi
1388 352 1458 388 illos
1480 365 1536 400 pro
1564 358 1784 392 excommuni-

243 396 395 431 firmitatis
422 396 572 432 insertum
595 405 654 441 est,
681 397 763 432 vires
789 397 1013 457 plenissimae!¹

243 445 389 484 notionis,
418 457 457 480 ex
479 445 538 481 bac
559 454 664 481 nostra
687 446 861 493 suscipiant
887 455 992 482 aucto·
1010 463 1013 492 3

242 494 340 534 ritate.
380 493 595 530 Nihilominus
633 496 727 530 etiam
765 495 1013 540 confirmamus}

241 542 329 578 vobis
355 551 386 578 et
420 543 592 591 praelibato
610 544 763 579 coenobio
792 545 989 592 privilegium
1010 554 1013 577 i

239 593 438 628 centenariae
475 594 733 641 praescriptionis
767 593 853 641 quod
893 580 1012 646 felicis]

61 490 208 512 contemnam

44 527 127 549 quoque
147 528 227 544 conco-

44 553 74 572 dtr
120 554 228 575 praeseri-

44 583 137 610 pit-nem

239 642 412 677 memoriae
434 641 580 678 Urbanus
602 642 687 691 Papa
714 642 818 678 eidem
836 644 989 679 coenobio

237 690 276 726 de
304 691 496 738 benignitate
522 692 692 739 apostolica
716 691 860 732 indulsit,
884 692 989 728 decer-

238 748 349 776 nentes
374 753 442 782 eos,
468 741 522 788 qui
551 742 778 788 possessiones,
812 741 989 778 libertates-

235 801 298 837 que
346 790 488 826 eiusdem
533 790 678 825 coenobii
719 790 987 839 vassallorumque

235 850 365 874 suorum
388 839 455 875 iura
477 851 532 874 seu
555 839 697 875 redditus
728 839 921 875 detinuerint
940 853 989 876 oc-

235 896 368 936 cupatos
394 889 508 924 exinde
536 888 601 924 fore
636 889 766 936 penitus
793 890 987 926 amovendos

235 937 377 984 ipsisque
400 937 523 972 nullum
546 938 677 973 omnino
709 939 759 973 ius
787 950 842 984 per
869 938 987 974 deten-

235 987 353 1022 tionem
394 987 441 1022 vel
474 989 707 1034 possessionem
742 986 925 1023 huiusmodi
953 1001 986 1024 se

235 1047 327 1083 posse
348 1036 527 1083 acquirere,
561 1036 608 1071 vel
644 1036 773 1078 babere,
801 1048 835 1072 ac
863 1037 985 1072 nullum

233 1084 323 1120 vobis
344 1093 473 1132 propter
496 1085 566 1124 boc,
590 1085 636 1120 vel
664 1086 722 1120 iuri
746 1085 847 1132 ipsius
869 1099 986 1122 coeno-

234 1132 277 1168 bii
305 1145 401 1181 super
427 1135 475 1169 his
502 1135 733 1182 praeiudicium
760 1134 876 1170 factum
905 1148 984 1177 esse,

233 1182 282 1218 vel
304 1195 397 1231 posse
418 1184 451 1218 in
473 1183 578 1231 aliquo
592 1184 748 1230 generari,
771 1185 831 1218 nisi
848 1185 985 1231 legitime

232 1233 408 1268 constiterit
429 1232 610 1268 detentores
625 1233 712 1280 ipsos
735 1234 985 1281 praescriptione

232 1281 412 1317 centenaria
430 1281 495 1317 sore
517 1283 667 1317 munitos.
696 1282 873 1317 Statuimus
889 1283 983 1318 etiam

233 1338 267 1366 ut
285 1330 370 1367 idem
398 1332 636 1375 monasterium,
662 1339 694 1366 et
721 1331 884 1367 universae
918 1333 985 1367 eius

232 1379 395 1424 ecclesiae,
431 1389 461 1415 et
482 1380 600 1421 omnia,
622 1392 703 1427 quae
729 1380 766 1414 ad
790 1381 893 1428 ipsum
918 1393 986 1428 per-

233 1429 333 1464 tinent
358 1429 462 1477 quieta
495 1441 642 1476 semper,
668 1438 698 1463 et
725 1429 764 1464 ab
797 1430 882 1464 omni
911 1431 984 1476 iugo

233 1477 412 1514 mortalium
435 1478 532 1514 libera
558 1478 618 1513 sub
640 1479 740 1514 sotius
763 1487 891 1514 sanctae
917 1479 984 1514 Ito-

232 1539 345 1563 manae
377 1527 538 1563 Ecclesiae
572 1528 651 1568 iure,
686 1540 721 1563 ac
749 1536 897 1575 perpetua
925 1530 984 1563 de-

233 1576 379 1613 fensione
410 1585 626 1624 permaneant,
661 1585 691 1611 et
713 1577 910 1622 consistant,
945 1578 984 1612 ita

233 1627 319 1673 quod
347 1639 443 1673 super
469 1626 518 1661 his
551 1627 636 1661 nullo
669 1638 806 1673 unquam
841 1635 984 1674 tempore

234 1675 375 1711 debeatis
405 1676 524 1722 impeti,
559 1676 606 1710 vel
633 1675 728 1710 modo
749 1675 889 1723 quolibet
916 1688 985 1711 mo-

55 1724 202 1749 ¹⁰”⁵‘¹⁸'¹⁰¹³
233 1724 352 1761 lestari.
379 1723 472 1767 Quod
495 1726 519 1759 si
544 1724 656 1772 aliquis
677 1733 785 1759 contra
813 1725 873 1760 hoe
899 1726 985 1760 salu-

36 1757 222 1810 ffissiffiife'odff
235 1774 291 1811 bre
325 1782 531 1822 praeceptum
560 1775 603 1809 ire
638 1775 815 1818 tentaverit,
842 1782 873 1809 et
910 1786 986 1821 pos-

38 1819 139 1871 :aaut
156 1823 220 1846 ”⁰⁸⁸⁸
234 1824 405 1867 sessiones,
427 1831 459 1859 et
479 1824 557 1863 iura,
581 1822 748 1864 libertates,
773 1822 820 1858 vel
841 1824 917 1858 alias
936 1836 985 1858 res

235 1871 380 1914 mobiles,
416 1884 473 1907 seu
500 1871 628 1907 stabiles
662 1872 754 1907 vestri
790 1873 984 1917 monasterii,

236 1922 282 1958 vel
304 1922 372 1957 eius
393 1922 608 1963 ecclesiarum,
631 1920 894 1966 obedientiarum,
926 1921 986 1956 ob-

235 1971 383 2010 latorum,
410 1983 466 2006 seu
497 1970 590 2005 etiam
619 1970 794 2017 aliquorum
818 1970 984 2006 hominum

236 2029 340 2056 vestro
374 2020 565 2055 monasterio
602 2019 814 2055 subiectorum
849 2020 987 2055 abstule-

238 2069 318 2111 rint,
345 2069 410 2104 sive
443 2068 542 2104 ablata
571 2070 779 2109 retinuerint.
820 2078 984 2116 postquam

237 2119 377 2166 ipsorum
400 2117 548 2154 ordinarii
570 2130 586 2152 a
609 2118 698 2153 vobis
719 2119 812 2152 tertio
834 2118 985 2153 admoniti

237 2167 387 2203 iustitiam
414 2167 656 2203 ecclesiasticam
679 2167 718 2202 de
738 2166 789 2202 bis
809 2166 912 2202 facere
933 2179 985 2202 no·

237 2215 365 2262 luerint,
391 2228 408 2252 a
434 2216 523 2251 vobis
549 2215 703 2251 admoniti
723 2215 840 2260 semel,
875 2216 932 2257 bis,
955 2224 986 2252 et

238 2265 344 2311 tertio,
368 2266 394 2301 si
413 2278 475 2300 non
498 2265 710 2300 satisfactione
728 2277 879 2312 congrua,
901 2266 985 2314 quod

240 2315 458 2362 maleegerint
480 2315 648 2349 emendare
669 2314 860 2359 studuerint,
882 2327 919 2350 ex
936 2315 987 2349 in-

239 2363 400 2412 dulgentia
422 2363 516 2400 Sedis
530 2363 731 2410 Apostolicae
745 2363 893 2399 duximus
909 2376 988 2400 con-

239 2413 428 2459 cedendum,
450 2421 484 2448 ut
505 2413 596 2448 liceat
618 2412 692 2457 tibi,
713 2412 858 2448 Mattliaee
878 2412 986 2457 abbas,

241 2462 361 2511 tibique
387 2463 539 2498 canonice
553 2461 797 2497 succedentibus
818 2463 987 2508 apostolica

241 2513 425 2548 auctoritate
446 2523 541 2559 super
567 2512 693 2546 eosdem
721 2511 914 2557 impetitores
936 2524 988 2546 ca-

243 2561 387 2597 nonicam
409 2561 748 2596 excommunicationis
770 2559 907 2607 proferre
921 2573 990 2595 sen-

211 2632 220 2637 -
244 2610 385 2655 tentiam,
411 2618 440 2646 et
462 2611 532 2645 illos
553 2610 664 2644 vicinis
686 2609 843 2656 episcopis
861 2621 989 2646 excom-

270 2655 273 2658 ’
324 2666 396 2696 eun.
421 2665 496 2697 Rom.
525 2665 647 2696 t'01.111.
808 2665 844 2695 24

1033 399 1109 433 catis
1132 399 1280 443 babeant,
1305 409 1335 434 et
1362 402 1510 437 omnibus
1531 405 1722 447 commissis,
1749 416 1782 442 ut

1032 449 1324 483 excommunicatos
1339 462 1353 484 a
1373 452 1581 487 sacratissimo
1596 453 1738 501 Corpore
1751 465 1782 492 et

1032 496 1194 543 Sanguine
1209 497 1329 533 Christi
1345 509 1504 545 separatos
1519 502 1626 538 evitari
1643 504 1782 547 iubeant,

1031 546 1141 593 eisque
1152 548 1395 583 ecclesiasticam
1407 549 1560 597 denegent
1576 552 1780 599 sepulturam.

1031 594 1127 637 Quod
1139 596 1165 630 si
1187 609 1263 631 ausu
1287 599 1463 642 temerario,
1488 602 1705 642 transactione,
1724 616 1780 639 seu
1809 614 1982 643 eonmpuvue.

1030 644 1158 680 arbitrio
1183 646 1288 693 aliquo
1314 647 1539 683 interveniente
1563 662 1619 696 per
1645 663 1711 693 vos,
1736 655 1779 688 vet
1795 647 1980 699 ξζῗξιζῗξᾝζῗ

1030 705 1230 730 successores
1273 703 1414 741 vestros,
1452 710 1507 732 seu
1548 711 1602 745 per
1636 702 1781 747 quemvis
1796 710 1868 734 tingat.
1885 710 1960 730 irritat-

1029 742 1126 778 alium
1150 752 1256 779 contra
1285 753 1425 781 tenorem
1456 746 1638 782 huiusmodi
1661 749 1779 786 decreti

1029 792 1149 840 absque
1172 793 1299 829 licentia
1322 793 1417 830 Sedis
1439 796 1640 843 Apostolicae
1663 811 1725 834 non
1740 800 1781 835 sa-

1028 842 1132 877 cieute
1165 842 1204 877 de
1237 843 1439 879 immunitate
1474 845 1655 881 huiusmodi
1684 861 1782 883 men-

1029 891 1145 926 tionem
1169 891 1262 927 fuerit
1293 901 1491 934 attentatum,
1526 907 1564 930 ex
1592 908 1676 931 nunc
1703 897 1778 933 illud

1028 939 1229 976 decernimus
1269 942 1389 977 viribus
1424 944 1556 978 omnino
1594 957 1710 986 carere,
1750 957 1779 983 et

1028 989 1200 1036 praefatum
1234 992 1422 1026 coenobium
1446 1004 1517 1027 cum
1541 994 1691 1030 omnibus
1713 997 1780 1031 suis

1028 1039 1178 1074 membris
1210 1039 1325 1075 habitis
1359 1050 1389 1075 et
1412 1041 1566 1078 habendis
1590 1045 1684 1090 pleno
1712 1045 1778 1081 iure

1026 1087 1102 1122 Sedi
1125 1088 1327 1134 Apostolicae
1349 1091 1388 1124 sit
1403 1090 1590 1126 subiectum.
1617 1092 1663 1127 De
1675 1093 1778 1129 abun-

1027 1136 1161 1171 dantiori
1184 1150 1311 1186 quoque
1334 1140 1433 1185 gratia
1461 1139 1554 1175 Sedis
1576 1142 1776 1188 Apostolicae
1804 1158 1974 1181 Debontsbene-

1026 1186 1233 1222 concedimus
1273 1187 1360 1222 vobis
1386 1196 1416 1224 et
1450 1191 1691 1226 successoribus
1721 1190 1975 1243 ve-ffifflmffigffu]

1026 1236 1116 1279 stris,
1145 1243 1178 1270 ut
1199 1237 1224 1270 si
1248 1236 1383 1284 aliquam
1411 1237 1450 1272 de
1482 1239 1594 1274 vestris
1621 1240 1929 1286 ecclesiia,ui³i²110⁸ndt··

1026 1285 1295 1331 possessionibus,
1319 1286 1365 1321 vel
1388 1287 1563 1323 redditibus
1583 1288 1679 1337 aliqui
1710 1291 1775 1326 viro

1026 1333 1251 1379 ecclesiasticQ
1278 1336 1342 1370 sive
1366 1335 1395 1370 in
1420 1335 1621 1382 beneficium,
1647 1339 1713 1373 sive
1737 1339 1773 1374 ad

1025 1394 1165 1418 annuum
1200 1395 1329 1418 censum
1361 1386 1510 1420 canonice
1544 1388 1775 1433 concesseritis,

1025 1432 1110 1479 quod
1139 1432 1258 1467 licitum
1286 1434 1326 1467 sit
1362 1433 1464 1475 vobis,
1499 1437 1676 1483 vestrisque
1702 1450 1776 1472 suc-

1025 1481 1218 1521 cessoribus,
1237 1481 1319 1517 bona
1341 1484 1434 1518 vestri
1457 1484 1600 1519 coenobii
1618 1495 1688 1532 post
1706 1487 1776 1522 obi-

1027 1539 1090 1565 tum
1114 1531 1255 1566 eiusdem
1279 1543 1432 1578 personae
1455 1533 1699 1576 ecclesiasticae,
1727 1536 1774 1571 vel

1025 1592 1096 1614 etun
1125 1580 1313 1615 beneficium
1342 1582 1446 1628 ipsum
1475 1585 1626 1619 vacaverit
1647 1597 1662 1619 a
1689 1598 1775 1632 quo-

1025 1641 1118 1676 quam
1143 1629 1208 1664 viro
1229 1630 1442 1667 ecclesiastico
1464 1643 1650 1668 concessum
1670 1634 1775 1676 fuerit,

1027 1678 1214 1713 beneficium
1237 1679 1361 1726 ipsum,
1385 1681 1450 1716 sive
1478 1682 1618 1716 redditus
1644 1683 1684 1717 ad
1707 1684 1775 1718 uti-

1027 1727 1142 1762 litatem
1169 1736 1301 1763 vestram
1326 1730 1459 1765 retinere
1481 1743 1544 1765 non
1568 1732 1711 1766 obstante
1726 1744 1775 1768 su-

1027 1790 1081 1823 per
1112 1776 1172 1812 hoc
1208 1777 1314 1825 aliquo
1341 1778 1408 1813 iure
1435 1782 1595 1815 communi
1623 1793 1640 1815 a
1667 1781 1774 1818 nobis.

1027 1826 1117 1861 vela
1155 1827 1270 1862 nostris
1307 1829 1543 1863 successoribus
1583 1829 1689 1871 edito,
1728 1829 1774 1866 vel

1026 1875 1161 1917 edendo,
1188 1888 1244 1911 seu
1280 1876 1393 1912 litteris
1426 1889 1443 1912 a
1470 1878 1553 1914 Sede
1582 1879 1775 1926 Apostolica,

1026 1932 1079 1959 aut
1107 1936 1122 1959 a
1151 1925 1268 1960 nostris
1295 1926 1405 1973 legatis
1439 1928 1652 1963 cardinalibus
1679 1941 1776 1976 super

1027 1973 1087 2008 boc
1109 1973 1315 2021 impetrandis
1348 1976 1406 2011 nisi
1430 1975 1468 2011 de
1501 1977 1683 2012 huiusmodi
1711 1979 1776 2025 pri-

1005 2022 1138 2069 ,vilegio
1181 2035 1363 2071 expressam
1403 2024 1535 2060 fecerint
1568 2028 1773 2061 mentionem.

1027 2071 1191 2107 Praeterea
1214 2085 1435 2121 quaecumque
1460 2074 1541 2109 bona
1569 2076 1774 2111 concessione
1802 2084 1847 2118 ΔΨ
1875 2084 1971 2104 meta..

1026 2120 1228 2162 Pontificum,
1250 2130 1280 2156 et
1302 2123 1487 2158 liberalitate
1512 2125 1707 2171 principum,
1731 2125 1775 2159 vel
1789 2113 1898 2141 'mmm’

1027 2170 1183 2205 oblatione
1208 2170 1349 2206 fidelium
1373 2182 1510 2207 vestrum
1539 2174 1632 2208 ltodie
1661 2185 1777 2208 coeno-

1028 2218 1113 2254 bium
1142 2219 1281 2266 legitime
1315 2221 1466 2267 possidet,
1494 2221 1540 2256 vel
1577 2223 1607 2257 in
1635 2222 1775 2257 futurum

1027 2269 1176 2304 canonice
1193 2269 1377 2316 possidebit,
1396 2269 1494 2315 vobis,
1512 2272 1686 2317 vestrisque
1704 2284 1779 2306 suc-

1028 2317 1217 2357 cessoribus
1242 2326 1272 2352 et
1295 2318 1397 2353 eidem
1421 2320 1575 2354 coenobio
1597 2321 1778 2355 auctoritate

1028 2367 1197 2413 apostolica
1212 2367 1418 2403 nihilominus
1433 2369 1668 2404 confirmamus.
1684 2369 1778 2404 Chri-

1028 2427 1105 2455 sma,
1127 2415 1240 2450 Oleum
1275 2425 1431 2458 sanctum,
1465 2419 1718 2453 consecrationes
1738 2418 1778 2453 al-

1029 2465 1155 2503 tarium,
1179 2477 1233 2499 seu
1248 2465 1468 2506 basilicarumJ
1483 2467 1696 2504 ordinationes
1713 2480 1778 2502 mo-

1029 2514 1201 2548 nachorum
1240 2527 1294 2549 seu
1327 2515 1511 2550 clericorum
1549 2526 1610 2551 tam
1635 2517 1672 2552 iu
1708 2517 1777 2564 ipso

1029 2562 1193 2605 coenobio,
1227 2575 1318 2609 quam
1342 2565 1371 2598 in
1400 2564 1616 2601 adiacentibus
1648 2566 1776 2605 villulis,

1030 2623 1064 2646 ac
1081 2612 1111 2645 in
1131 2612 1273 2647 ecclesiis
1295 2613 1427 2650 civitatis
1450 2621 1480 2649 et
1504 2613 1659 2650 dioecesis
1682 2616 1778 2650 Aver-
