2129 3223
30 277 82 305 An.
95 276 126 304 C.
152 277 219 305 ¹¹90

233 330 314 366 fatus
349 330 486 366 domnus
524 328 766 365 archidiaconus
804 337 834 364 et
866 329 975 377 reliqui

231 381 298 416 eius
319 379 429 416 fratres
452 379 493 415 ibi
519 387 699 427 praesentes
721 390 779 414 suo
801 380 930 414 nomine
947 386 977 413 et

232 430 359 465 nomine
385 429 517 464 aliorum
542 429 670 464 fratrum
700 429 759 463 iam
787 428 888 463 dictae
915 428 975 463 Ec-

229 478 343 514 clesiae
364 479 554 523 absentium,
569 478 695 512 nornine
715 478 814 523 ipsius
826 477 975 512 ecclesiae

229 527 334 564 Sancti
353 527 525 572 Vincentii,
547 535 577 562 et
591 527 726 569 domnus
739 526 877 562 Obertus
894 539 974 574 prae-

229 578 365 625 positus,
391 578 569 624 caeterique
593 578 660 611 eius
682 576 791 611 fratres
814 576 855 610 ibi
886 589 975 623 prae-

227 635 333 663 sentes
359 639 419 662 suo
451 627 578 662 nomine
613 634 642 660 et
678 626 806 661 nomine
839 625 973 661 aliorum

31 675 212 728 essfftzffiumussss:
229 676 356 712 fratrum
392 677 451 712 iam
480 677 591 711 dictae.
624 675 810 710 Absentium
847 676 974 709 nomine

29 738 139 773 uiri-isque
171 737 211 774 tze-
229 725 327 773 ipsius
352 725 524 765 Ecclesiae,
549 734 585 760 ut
603 737 700 760 unum
728 725 768 758 sit
790 724 829 759 de
850 732 973 759 caetero

30 768 110 790 ‘mm‘
130 772 213 796 ⁶³¹''‘¹¹'
227 775 390 823 utriusque
404 775 565 810 Ecclesiae
587 774 772 822 capitulum,
795 786 878 808 unus
894 775 973 808 cho-

30 798 50 819 lu
73 814 79 824 ,
171 799 183 819 h
199 811 212 815 -

29 805 71 854 ΝΤ,
87 805 212 851 *zanunim-
228 837 280 860 rus
313 832 343 859 et
371 837 468 860 unum
495 824 663 870 collegium
687 833 717 858 et
751 836 846 857 unuin
876 824 972 869 patri-

29 859 211 918 lefilissoiniti'ffim
226 874 380 919 monium,
403 883 432 910 et
450 882 484 909 ut
498 874 689 921 quicumque
710 873 768 907 erit
790 873 828 906 de
849 882 971 907 caetero

226 923 397 960 canonicus
419 924 450 958 in
473 935 545 967 una,
572 923 610 957 sit
637 923 810 957 canonicus
836 922 866 955 in
891 929 972 956 utra-

225 984 305 1020 que,
344 982 379 1008 ut
413 985 525 1008 omnes
556 973 618 1007 sint
654 971 798 1006 canonici
825 971 969 1006 eiusdem

225 1021 354 1070 capituli
382 1031 414 1058 et
447 1021 537 1057 chori
565 1030 594 1056 et
625 1021 763 1067 collegii,
797 1029 826 1054 et
860 1020 970 1055 ambae

225 1070 377 1118 praefatae
415 1071 575 1106 Ecclesiae
613 1070 756 1105 dicantur
791 1081 850 1104 una
890 1069 970 1104 Ber-

223 1122 383 1167 gomensis
395 1120 547 1162 Ecclesia,
569 1127 599 1154 et
620 1120 720 1154 maior
742 1131 812 1166 pars
830 1118 968 1166 capituli,

225 1169 398 1205 secundum
421 1169 505 1217 quod
531 1181 624 1204 suum
656 1176 714 1208 est,
742 1175 864 1202 maneat
886 1169 968 1214 apud

226 1218 390 1255 ecclesiam
425 1219 530 1254 Sancti
563 1217 738 1252 Vincentii:
775 1218 814 1251 ita
847 1225 969 1257 tamen,

45 1272 94 1307 ΟΨ
108 1269 215 1321 ¹¹⁰¹m¹¹⁶⁸
229 1275 262 1302 ut
299 1267 471 1303 secundum
508 1266 697 1302 voluntatem
739 1266 886 1313 capituli,
922 1267 968 1301 vel

33 1305 214 1355 miliniam&
228 1317 356 1352 maioris
381 1317 478 1364 partis
498 1316 537 1351 de
558 1317 618 1355 his,
641 1317 692 1362 qui
719 1323 792 1350 sunt
809 1315 855 1349 vel
877 1323 969 1350 erunt

228 1377 285 1412 pro
311 1373 452 1413 tempore
478 1365 560 1413 apud
582 1364 732 1399 Sanctum
754 1363 967 1402 vincentium,

226 1414 359 1450 debeant
387 1417 492 1450 venire
517 1422 547 1449 et
574 1425 700 1449 manere
715 1414 798 1460 apud
818 1412 966 1447 Sanctum

224 1462 458 1508 Alexandrum,
490 1472 520 1497 et
555 1463 594 1498 de
620 1462 689 1505 his,
724 1463 776 1509 qui
810 1470 881 1496 sunt
920 1462 966 1496 vel

224 1521 318 1548 erunt
353 1512 434 1560 apud
470 1511 620 1547 Sanctum
660 1510 884 1555 Alexandrum,
910 1510 967 1545 de-

225 1560 317 1597 beant
354 1562 460 1597 venire
495 1569 526 1596 et
559 1572 684 1596 manere
709 1560 791 1607 apud
814 1560 965 1595 Sanctum

225 1610 444 1652 Vincentium,
473 1611 558 1646 salvo
585 1610 703 1645 honore
725 1618 755 1644 et
782 1611 964 1649 reverentia,

224 1672 329 1708 quem,
364 1660 411 1696 vel
446 1672 538 1708 quam
573 1659 709 1694 domnus
743 1660 913 1706 episcopus
937 1668 964 1694 et

224 1711 367 1745 canonici
389 1709 497 1745 Sancti
525 1709 679 1744 Vincentii
703 1718 732 1743 et
760 1709 901 1743 canonici
930 1708 963 1744 S.

223 1758 391 1795 Alexandri
414 1764 444 1794 et
464 1759 514 1794 alii
537 1759 643 1794 clerici
671 1767 744 1793 sunt
769 1758 851 1793 soliti
874 1759 963 1792 exbi-

224 1808 296 1845 bere
322 1809 472 1845 ecclesiae
499 1808 605 1844 Sancti
633 1807 802 1849 Vincentii,
830 1816 859 1842 et
881 1808 965 1842 salvo

222 1857 342 1894 honore
368 1867 398 1894 et
431 1858 618 1897 reverentia,
641 1869 757 1904 quem,
792 1856 836 1892 vel
870 1869 963 1904 quam

223 1907 360 1943 domnus
397 1908 566 1955 episcopus
603 1913 634 1941 et
673 1907 814 1942 canonici
859 1905 963 1941 Sancti

223 1956 392 1992 Alexandri
414 1965 444 1992 et
465 1956 605 1992 canonici
632 1955 736 1991 Sancti
764 1955 919 1991 Vincentii
935 1965 964 1991 et

224 2006 275 2041 alii
303 2006 409 2042 clerici
437 2014 511 2041 sunt
531 2005 613 2041 soliti
641 2005 789 2041 exhibere
815 2005 964 2040 ecclesiae

29 2051 211 2111 Μζῗζιζῗζζῗηζᾚ
224 2054 330 2091 Sancti
353 2054 532 2090 Alexandri.
567 2054 728 2090 Praeterea
764 2055 906 2090 canonici
928 2055 961 2090 S.

29 2113 128 2150 usqu-e
148 2119 212 2141 wrr·
225 2104 379 2141 vincentii
408 2104 521 2140 ibidem
548 2112 719 2152 posuerunt
745 2104 962 2152 supradictum

29 2145 211 2206 'p'ffissssnm⁸¹'⁰‘
223 2154 374 2190 domnum
403 2154 612 2202 praepositum
639 2154 669 2188 in
704 2156 809 2189 sedem
840 2166 965 2201 praepo-

223 2205 292 2249 siti,
319 2205 350 2240 in
371 2203 468 2240 clioro
490 2202 638 2238 ecclesiae
671 2202 704 2239 S.
730 2202 904 2244 Vincentii,
932 2211 964 2238 ut

221 2253 336 2290 amodo
362 2254 402 2290 sit
437 2253 632 2301 praepositus
668 2253 762 2288 totius
794 2253 961 2300 supradicti

222 2304 381 2339 constituti
408 2302 533 2351 capituli
567 2309 596 2337 et
631 2303 691 2337 iam
718 2302 817 2337 dictae
845 2301 964 2348 Bergo-

222 2353 339 2389 mensis
368 2352 546 2393 Ecclesiam
581 2351 809 2387 constituerunt
835 2352 964 2398 insuper

221 2401 338 2438 ibidem
360 2402 496 2437 domnus
526 2400 763 2436 archidiaconus
797 2410 826 2436 et
854 2401 960 2448 reliqui

222 2453 476 2499 praenominatae
515 2450 664 2486 ccclesiae
708 2450 816 2486 fratres
855 2450 960 2485 Sancti

222 2500 377 2537 Vincentii
405 2501 445 2536 ibi
483 2508 662 2549 praesentes
698 2511 732 2534 se
768 2500 806 2535 de
840 2508 962 2535 caetero

223 2551 383 2597 possidere
410 2550 491 2586 bona
517 2558 547 2585 et
568 2561 617 2584 res
639 2549 738 2597 ipsius
760 2550 909 2584 ecclesiae
927 2548 960 2584 S.

856 275 994 298 CLEMENS
1017 275 1051 297 ΙΙΙ
1076 275 1124 298 ΡΡ.

1673 264 1719 298 75

1017 329 1088 363 dem
1114 328 1296 372 Ecclesiae,
1330 342 1422 377 quam
1452 330 1580 366 nomine
1614 328 1765 365 ecclesiae

1016 377 1123 413 Sancti
1153 377 1322 419 Vincentii,
1358 387 1388 413 et
1415 391 1489 420 suo,
1518 389 1546 415 et
1569 392 1586 415 e
1613 390 1765 414 converso

1017 427 1173 475 praefatus
1206 427 1343 463 domnus
1376 431 1570 476 praepositus
1599 436 1629 463 et
1650 429 1762 464 caeteri

1015 478 1262 525 supranominati
1291 477 1431 512 eiusdem
1471 478 1630 514 Ecclesiae
1666 490 1765 513 cano-

1016 527 1077 562 nici
1106 527 1147 562 ibi
1176 536 1356 574 praesentes
1383 528 1612 563 constituerunt
1639 528 1677 562 de
1699 539 1762 563 cae-

1015 584 1082 612 tero
1112 576 1271 622 possidere
1298 577 1379 611 bona
1408 585 1438 611 et
1468 589 1516 612 res
1544 577 1685 613 eiusdem
1715 589 1763 612 ec-

1014 626 1126 661 clesiae
1149 626 1254 661 Sancti
1277 626 1445 661 Alexandri
1473 634 1534 662 tam
1560 627 1685 661 nomine
1713 639 1762 661 ec-

1014 675 1125 711 clesiae
1152 675 1259 710 Sancti
1284 675 1439 711 Vincentii
1462 684 1491 710 et
1515 677 1639 711 nomine
1667 688 1761 711 cano-

1015 725 1157 760 nicorum
1193 725 1336 760 eiusdem
1375 725 1549 765 Ecclesiae,
1584 737 1678 773 quam
1702 738 1760 760 no—

1013 774 1098 809 mine
1124 774 1274 809 ecclesiae
1296 774 1402 809 Sancti
1431 774 1613 818 Alexandri,
1639 783 1669 809 et
1690 787 1758 809 suo.

1012 822 1203 871 Supervenit
1242 824 1333 858 etiam
1372 824 1412 858 ibi
1450 835 1556 858 comes
1586 823 1760 858 Landulfus
1788 828 1811 848 E·
1853 835 1956 855 *utu-¹⁶⁸>-

1012 872 1114 908 dictae
1151 873 1301 908 ecclesiae
1338 873 1371 907 S.
1402 872 1554 908 Vincentii
1589 874 1760 908 canonicus
1775 861 1880 915 iiiinfffiro,
1879 866 1940 879 ⁰⁰⁰⁰⁰⁰
1945 866 1955 880 ε

1012 922 1041 957 in
1061 922 1214 969 principio
1236 922 1359 962 absens,
1383 923 1435 970 qui
1458 923 1497 957 ab
1511 922 1622 957 eodem
1643 922 1759 957 domno
1775 922 1868 972 ‘Jffisffl‘gfl
1893 926 1955 941 ΠΜ·

1013 972 1201 1019 praeposito,
1235 980 1265 1007 et
1300 973 1426 1007 nomine
1462 972 1594 1007 aliorum
1630 958 1780 1007 fratrum¹

1011 1021 1163 1056 ecclesiae
1190 1021 1295 1057 Sancti
1323 1021 1493 1056 Alexandri
1518 1022 1548 1056 in
1571 1022 1698 1056 fratrem
1729 1030 1756 1054 et

1011 1071 1198 1106 canonicum
1232 1071 1262 1105 in
1295 1070 1428 1106 ecclesia
1455 1071 1560 1106 Sancti
1589 1070 1756 1106 Alexandri

1010 1118 1069 1154 fuit
1105 1120 1135 1154 in
1163 1119 1272 1155 osculo
1305 1128 1462 1166 receptus,
1490 1128 1520 1155 et
1550 1120 1617 1167 ipse
1651 1132 1758 1154 comes

1012 1168 1183 1204 Landulfus
1201 1168 1346 1204 eumdem
1369 1169 1521 1204 domnum
1546 1169 1755 1216 praepositum

1009 1230 1067 1253 suo
1088 1219 1216 1254 nomine
1246 1227 1276 1253 et
1309 1219 1437 1254 nomine
1463 1219 1596 1253 aliorum
1627 1217 1755 1253 fratrum

1009 1267 1160 1303 ecclesiae
1190 1267 1296 1303 Sancti
1323 1267 1490 1303 Alexandri
1527 1268 1558 1302 in
1595 1268 1757 1315 praeposi-

1008 1324 1074 1351 tum
1102 1324 1132 1351 et
1164 1316 1289 1352 fratrem
1327 1316 1478 1352 ecclesiae
1511 1316 1543 1352 S.
1580 1315 1756 1361 Vincentii,

1008 1374 1043 1400 ut
1065 1365 1205 1401 fecerunt
1233 1366 1283 1401 alii
1311 1365 1452 1401 eiusdem
1483 1365 1634 1401 ecclesiae
1660 1378 1756 1402 cano-

1008 1415 1082 1458 nici,
1109 1416 1139 1449 in
1162 1414 1271 1450 osculo
1299 1415 1425 1462 recepit.
1457 1414 1576 1450 Ibidem
1604 1423 1754 1450 statutum
1783 1423 1885 1460 §tamtam
1914 1429 1952 1452 rw

1007 1471 1054 1498 est
1089 1464 1218 1512 insuper
1254 1465 1333 1500 inter
1363 1477 1417 1499 eos
1453 1463 1578 1511 praefati
1617 1463 1654 1499 D.
1677 1454 1953 1507 Lan-{ffffffldssfffssc‘flg

1008 1512 1124 1548 franchi
1153 1514 1292 1562 episcopi
1320 1526 1477 1549 consensu
1501 1522 1530 1548 et
1552 1514 1753 1549 auctoritate:
1770 1517 1914 1544 ⁵⁰br0³⁵¹¹di=·

1007 1562 1039 1597 Si
1075 1564 1145 1610 quis
1180 1576 1217 1598 ex
1241 1563 1387 1598 fratribus
1413 1563 1495 1610 apud
1528 1564 1690 1598 ecclesiam
1720 1562 1752 1598 S.

1006 1612 1175 1647 Alexandri
1204 1625 1259 1661 pro
1293 1621 1434 1660 tempore
1470 1613 1666 1648 morantibus
1694 1613 1753 1647 vita

1006 1663 1185 1707 excesserit,
1206 1670 1237 1697 et
1253 1662 1422 1710 praefatum
1442 1662 1612 1709 capitulum
1628 1663 1751 1698 adeum

1005 1711 1222 1759 sepeliendum
1247 1712 1328 1759 apud
1355 1711 1505 1747 Sanctum
1539 1712 1750 1746 Alexandrum

1006 1762 1198 1803 convenerit,
1226 1770 1296 1809 post
1317 1762 1385 1796 eius
1417 1761 1608 1808 sepulturam
1635 1761 1749 1796 ibidem

1007 1811 1035 1845 in
1058 1811 1119 1846 alio
1146 1812 1214 1846 eius
1241 1812 1308 1846 loco
1330 1810 1531 1857 subrogando
1557 1819 1587 1845 et
1608 1810 1752 1857 eligendo

1007 1868 1079 1895 tunc
1117 1861 1289 1908 capitulum
1325 1872 1457 1895 concors
1479 1859 1581 1900 fuerit,
1610 1860 1751 1895 inconti-

1007 1910 1091 1944 nenti
1115 1910 1156 1945 ibi
1179 1923 1251 1945 eum
1275 1910 1367 1957 eligat
1393 1910 1417 1945 si
1446 1909 1535 1950 velit,
1557 1910 1696 1956 alioquin
1724 1910 1749 1943 si

1005 1959 1175 2006 capitulum
1198 1960 1228 1994 in
1251 1959 1311 1994 alio
1333 1958 1534 2006 subrogando
1553 1966 1584 1993 et
1604 1959 1750 2005 eligendo

1004 2009 1194 2044 concordare
1222 2021 1284 2044 non
1312 2010 1443 2056 poterit,
1473 2021 1527 2056 pro
1553 2007 1663 2043 eodem
1692 2020 1749 2042 ne-

1004 2059 1089 2103 gotio
1116 2058 1197 2094 idem
1225 2058 1396 2105 capitulum
1420 2057 1502 2104 apud
1525 2057 1686 2092 ecclesiam
1714 2057 1748 2092 S.

1003 2106 1159 2143 Vincentii
1182 2108 1357 2149 conveniat,
1384 2107 1467 2154 quod
1495 2106 1682 2154 generaliter
1698 2106 1748 2140 dr-

1005 2156 1055 2192 bet
1081 2156 1166 2197 fieri,
1199 2157 1318 2193 scilicet
1352 2157 1524 2204 capitulum
1553 2156 1645 2191 debet
1672 2167 1748 2190 con-

1004 2206 1109 2241 venire
1135 2206 1219 2254 apud
1247 2206 1398 2242 Sanctum
1419 2205 1620 2241 Vincentium
1644 2213 1673 2240 et
1693 2217 1747 2251 pro

1004 2255 1050 2290 his
1074 2257 1215 2303 negotiis,
1249 2268 1328 2303 quae
1354 2256 1495 2290 omnium
1524 2254 1651 2289 fratrum
1676 2265 1749 2289 con-

1003 2317 1143 2346 sensum,
1172 2317 1237 2341 stve
1258 2313 1474 2341 auctoritatem
1501 2312 1562 2338 tam
1587 2317 1616 2338 tu
1652 2315 1746 2349 spiri-

1004 2355 1158 2393 tualibus,
1185 2367 1278 2402 quam
1307 2355 1337 2389 in
1360 2353 1584 2401 temporalibus
1615 2352 1747 2387 deside-

1004 2412 1082 2443 rant,
1110 2405 1315 2439 constitutum
1348 2412 1394 2438 est
1423 2405 1501 2438 inter
1526 2414 1600 2442 eos,
1629 2412 1661 2436 ut
1693 2414 1746 2437 su-
1784 2420 1787 2423 >

1004 2453 1162 2501 pradictus
1189 2453 1325 2488 domnus
1345 2452 1494 2496 Obertus,
1516 2452 1568 2500 qui
1594 2452 1685 2487 modo
1699 2460 1742 2486 est
1773 2463 1941 2486 Domnusoher—

1004 2504 1198 2550 praepositus
1240 2503 1322 2550 apud
1358 2502 1510 2537 Sanctum
1544 2499 1941 2554 VincentiumLssjepoffissffif

1004 2554 1048 2587 vel
1071 2553 1151 2600 apptl
1180 2552 1331 2588 Sanctum
1355 2551 1580 2594 Alexandrum,
1605 2551 1847 2586 ubicum-cumque
1866 2558 1940 2579 vorm-

1759 2590 1783 2610 rit
1797 2606 1801 2615 ,
1831 2594 1938 2611 moretur·

1781 273 1828 301 An.
1847 275 1875 301 C.
1894 272 1960 300 ¹1⁹0

221 2599 378 2636 vincentii
410 2608 472 2635 lam
506 2600 633 2634 nomine
672 2598 822 2634 ecclesiae
855 2598 961 2634 Sancti
1003 2614 1062 2648 que
1090 2602 1221 2637 voluerit
1243 2609 1434 2642 moraretur,
1457 2613 1654 2635 successores
1671 2613 1804 2641 veroem,
1820 2626 1869 2641 „m
1890 2627 1939 2642 W,

222 2648 388 2685 Alexandri
417 2658 447 2684 et
472 2649 598 2684 nomine
629 2648 848 2683 canonicorum
884 2650 962 2683 eius·
1003 2652 1080 2692 eius,
1103 2651 1156 2698 qui
1174 2651 1408 2698 praepositalem
1432 2659 1501 2697 post
1522 2650 1686 2686 decessum
1701 2650 1745 2697 ip.
1759 2655 1831 2673 02⁵⁵0r
1842 2652 1893 2679 apud
1905 2657 1939 2673 ee·

302 2705 374 2737 Butt.
391 2705 466 2737 Rom.
490 2705 543 2737 Vol.
578 2705 627 2736 III.
770 2704 807 2735 10
