2129 3223
377 266 445 298 758

325 330 479 373 obtinent,
500 329 559 364 erit
574 329 708 371 salvum,
728 341 785 366 nec
805 342 860 377 per
875 337 1070 377 praesentem

326 380 463 426 ipsorum
488 378 576 424 regni
600 386 629 413 et
652 387 751 414 terrae
771 380 946 415 cessionem
971 379 1070 414 comi-

126 275 178 302 Δη-
195 274 224 301 C.
242 276 307 304 ¹265

325 436 445 463 tatuum
470 428 516 462 sic
542 439 765 464 concessorum
793 428 980 465 eorumdem
1007 429 1092 463 cui-³

324 489 383 524 que
415 476 452 512 ad
486 476 705 523 proprietatem
742 489 797 512 seu
838 478 1092 525 possessionem*

324 525 550 573 praeiudicium
573 533 752 571 generetur,
775 527 861 573 regio
883 527 913 561 in
937 527 986 562 his
1007 539 1071 561 om-

324 575 417 609 nibus
435 575 503 610 iure
530 575 626 610 salvo.

372 626 429 658 25.
465 623 590 659 Nullam
629 625 722 660 etiam
762 620 1091 660 confoederationem'

136 679 296 714 mnropcterauo
322 685 378 707 seu
400 673 582 708 societatem
604 685 675 710 cum
692 673 798 721 aliquo
819 674 1006 720 imperatore
1023 674 1068 709 vel

123 710 221 759 ffl'fl'issmiss'
235 716 305 761 1³⁹7}
325 733 406 768 rege,
435 722 483 757 vel
503 722 655 770 principe,
677 735 732 758 seu
759 723 886 763 barone,
909 735 1068 763 saraceno,

123 771 219 789 ¹⁰''²'¹⁶⁸·
322 770 492 807 christiano
524 771 572 806 vel
608 784 740 818 graeco,
778 781 833 807 aut
858 784 930 806 cum
966 772 1068 818 aliqua

322 821 479 867 provincia
514 833 569 855 seu
597 822 718 857 civitate
757 830 810 856 aut
843 822 1068 856 communitate

322 869 366 904 vel
390 870 458 905 loco
478 870 586 917 aliquo
607 871 743 906 scienter
764 878 870 905 contra
894 870 1067 905 Romanam

320 918 494 955 Ecclesiam
523 920 568 954 vel
598 920 628 954 in
656 920 806 955 damnum
829 919 992 954 Ecclesiae
1023 919 1069 954 fa-

319 968 501 1009 cietis,etsi
526 968 660 1004 feceritis
684 970 875 1015 ignoranter,
898 970 1068 1004 teneamini

319 1017 356 1052 ad
379 1018 559 1053 mandatum
582 1018 741 1053 Ecclesiae
764 1030 920 1053 revocare.

368 1071 426 1102 24.
453 1067 604 1102 Habeatis
636 1075 741 1102 autem
777 1067 862 1102 mille
892 1066 931 1102 ad
963 1067 1069 1102 minus

119 1116 303 1169 'ffigssffi'grffgj
321 1115 622 1152 ultramontanorum
668 1117 801 1151 militum
839 1116 1067 1158 comitativam,

119 1178 163 1198 aas.
229 1154 240 1175 ¹³
318 1177 451 1213 quorum
491 1165 620 1213 quilibet
644 1166 837 1213 equitaturas
858 1174 992 1212 quatuor
1022 1178 1069 1201 se-

316 1227 387 1250 cum
425 1214 568 1256 habebit;
602 1215 758 1258 habebitis
791 1216 884 1250 etiam
912 1223 1069 1250 trecentos

316 1263 491 1299 balistarios
526 1273 555 1299 et
588 1272 633 1299 tot
664 1265 740 1299 alios
778 1264 960 1305 bellatores,
994 1273 1068 1312 quot

315 1312 355 1348 ad
382 1314 636 1360 prosecutionem
669 1314 785 1360 negotii
822 1313 893 1348 fidei
927 1313 1068 1348 sufficere

317 1362 451 1406 videtur,
479 1371 510 1397 et
532 1374 632 1409 usque
658 1363 696 1397 ad
719 1375 839 1398 annum
867 1374 882 1396 a
912 1363 1068 1409 praesenti

317 1411 368 1446 die
390 1412 652 1459 computandum,
687 1413 732 1446 sic
764 1412 876 1447 muniti
910 1423 981 1446 cum
1006 1420 1067 1447 tota

318 1467 418 1495 vestra
445 1460 628 1496 huiusmodi
657 1461 832 1496 comitativa
861 1473 930 1495 esse
959 1469 1068 1496 tenea-

318 1509 394 1544 mini
419 1517 450 1545 et
475 1510 543 1545 sitis
569 1517 654 1545 extra
688 1509 766 1544 fines
792 1510 959 1544 comitatus
989 1510 1068 1545 Pro-

317 1558 438 1593 vinciae
460 1571 567 1594 versus
594 1558 712 1594 ltaliam
730 1559 774 1594 vel
805 1559 834 1592 in
860 1559 955 1599 ltalia,
978 1567 1006 1593 et
1030 1572 1067 1593 ex

319 1615 393 1642 tunc
416 1608 494 1643 infra
517 1616 579 1643 tres
598 1619 724 1643 menses
739 1608 917 1642 immediate
936 1620 1070 1655 sequen-

318 1665 366 1691 tes
385 1668 455 1692 esse
482 1664 652 1692 teneamini
679 1667 709 1692 et
731 1665 799 1692 sitis
822 1669 852 1691 tn
874 1664 965 1692 terrts
991 1669 1069 1692 con-

319 1705 413 1752 tiguis
428 1718 525 1752 regno
541 1706 678 1746 Siciliae,
703 1707 762 1741 nisi
787 1707 913 1742 forsitan
931 1706 961 1740 in
981 1706 1068 1741 ltalia

320 1754 456 1790 hostium
491 1755 655 1790 obstaculo
687 1755 904 1802 impediamini
939 1756 986 1790 vel
1014 1767 1070 1790 oc-

318 1815 424 1845 cursu,
451 1817 587 1852 quorum
610 1805 877 1852 impugnationem
901 1813 932 1839 et
959 1804 1070 1839 debel-

320 1852 466 1888 lationem
494 1854 644 1900 quamdiu
679 1855 781 1890 taliter
815 1854 927 1889 muniti
961 1866 1071 1901 perse-

320 1912 463 1938 verantes
495 1904 689 1942 institeritis,
726 1903 945 1950 intelligamini
974 1916 1071 1949 nego-

321 1952 400 1987 tium
424 1953 584 1999 prosequi,
614 1966 670 1988 nec
694 1952 779 1987 vobis
802 1960 926 1999 tempus
949 1954 1069 1998 praedi·

124 2002 308 2055 hfffn'gffjilssjssdffi
321 2008 406 2037 ctum
429 2002 522 2037 trium
547 2002 701 2037 mensium
725 2010 838 2036 currat⁴
862 2003 955 2044 Quod
973 2003 996 2036 si
1018 2015 1072 2037 vos

125 2043 224 2089 reatin.
321 2050 368 2086 sic
402 2050 514 2086 muniti
543 2064 644 2098 usque
671 2051 707 2085 ad
744 2051 924 2086 huiusmodi
952 2063 1069 2086 annunt

323 2112 384 2134 non
408 2099 527 2135 fueritis
555 2109 641 2135 extra
665 2100 744 2136 fines
766 2100 912 2146 praedicti
941 2101 1071 2135 comita-

323 2156 393 2189 tus,
417 2149 464 2184 vel
487 2150 510 2183 si
534 2149 611 2184 infra
634 2149 761 2184 eosdem
785 2158 847 2184 tres
874 2162 998 2184 meuses
1021 2151 1070 2185 tali

325 2210 385 2234 non
410 2198 580 2245 praepediti
608 2199 771 2234 obstaculo
801 2211 863 2233 non
894 2199 1015 2233 fueritis
1042 2200 1071 2233 in

324 2248 416 2283 terris
436 2247 577 2283 eiusdem
601 2247 726 2283 Siciliae
750 2260 846 2294 reguo
867 2249 1072 2283 conterminis

323 2308 394 2330 cum
423 2297 599 2331 comitativa
630 2297 811 2332 huiusmodi
838 2298 1009 2337 constituti,
1027 2298 1071 2332 tel

325 2346 354 2379 in
395 2357 598 2392 quocumque
636 2358 710 2381 casu
742 2346 779 2381 ad
820 2347 1071 2392 prosecutionem

327 2395 442 2439 negotii
476 2402 688 2442 opportunam
723 2407 784 2430 non
815 2395 1074 2442 impendentibus

325 2455 450 2489 operam
469 2444 499 2478 in
522 2443 639 2479 eisdem
663 2444 753 2479 terris
773 2444 977 2480 conterminis
990 2444 1073 2479 dicto

328 2504 424 2537 regno
446 2492 523 2528 iufra
540 2493 624 2539 ipsos
646 2500 709 2528 tres
732 2506 855 2528 menses
875 2506 935 2528 non
953 2493 1074 2527 fueritis

327 2541 372 2575 sic
399 2541 524 2582 muniti,
551 2541 684 2577 liberum
712 2543 770 2577 erit
793 2542 936 2577 Romano
965 2542 1074 2576 Ponti-

329 2589 396 2630 fici,
417 2602 453 2624 ac
474 2591 505 2625 in
528 2599 680 2638 potestate
707 2591 880 2626 remanebit
908 2592 1007 2638 ipsius
1025 2591 1075 2625 di-

328 2649 410 2675 cere,
432 2640 633 2684 pronuntiare
657 2644 704 2676 vel
720 2640 874 2688 proferre,
898 2641 927 2674 in
950 2640 1074 2686 scriptis

921 275 1020 298 BULLA
1026 276 1056 298 tu
1062 275 1107 298 tm
1134 275 1298 298 ROMANUM

1876 270 1924 297 An.
1939 270 1969 297 C.
1988 270 2056 297 1265

1113 330 1158 364 vel
1181 330 1249 364 sine
1271 329 1407 377 scriptis,
1422 329 1461 364 de
1478 329 1609 365 consilio
1632 329 1677 365 vel
1699 330 1768 365 sine
1788 343 1860 366 con-

1111 380 1181 413 silio
1206 378 1348 422 fratrum,
1381 379 1469 414 vobis
1494 388 1546 414 aut
1572 379 1633 414 alio
1659 380 1752 415 etiam
1779 392 1860 427 quo-

1111 440 1264 475 cumque,
1291 428 1382 463 cuius
1404 428 1506 463 forsan
1530 429 1708 469 interesset,
1728 441 1790 465 non
1807 441 1860 465 vo-

1111 478 1200 521 catis,
1228 486 1256 512 et
1283 477 1402 524 absque
1429 478 1515 512 omni
1545 477 1622 513 iuris
1648 478 1858 519 solemnitate,

1090 526 1329 571 collationem,
1365 527 1618 567 concessionem,
1645 527 1858 564 investituram

1112 575 1198 610 vobis
1225 583 1256 611 et
1285 575 1475 610 haeredibus
1505 575 1617 611 vestris
1644 576 1683 612 de
1711 589 1807 624 regno
1828 586 1858 613 et

1112 632 1191 660 terra
1215 624 1382 671 praedictis
1398 625 1505 668 factas,
1530 637 1642 660 vacuas
1663 627 1793 662 omnino
1807 639 1859 662 es-

1111 686 1162 714 se,
1184 674 1370 721 nullumque
1392 674 1487 709 robur
1509 676 1555 709 vel
1579 675 1713 709 valorem
1732 675 1858 715 habere,

1110 735 1146 758 ac
1169 735 1221 757 eas
1236 735 1392 766 revocare,
1419 735 1552 763 cassare,
1569 723 1702 768 irritare,
1724 737 1760 759 ac
1776 725 1859 772 ipsas

1110 784 1214 807 cassas
1240 780 1270 807 et
1298 782 1399 806 irritas
1427 785 1586 807 nttttctare.

1160 823 1217 856 25.
1241 821 1389 855 Liberum
1414 834 1542 868 quoque
1577 822 1637 857 erit
1662 821 1764 857 eidem
1794 824 1860 860 Ro-

1111 882 1204 905 mano
1227 870 1372 904 Pontifici
1395 870 1454 904 hoc
1476 871 1557 905 idem
1581 871 1692 914 facere,
1715 871 1740 906 si
1764 873 1857 920 (quod

1110 919 1200 963 absit)
1225 919 1269 954 vel
1297 919 1388 965 longa
1414 920 1582 967 praepediti
1607 920 1796 965 valetudine,
1812 923 1858 958 vel

1111 978 1210 1003 morte
1227 969 1397 1015 praeventi,
1425 968 1555 1014 dignum
1585 971 1744 1016 negotium
1772 972 1858 1007 iuxta

1109 1018 1252 1053 eamdem
1281 1017 1411 1053 formam
1451 1030 1511 1052 non
1539 1019 1774 1065 assumpseritis
1810 1021 1857 1055 vel

1109 1075 1307 1114 assumptum
1347 1079 1409 1102 non
1445 1066 1567 1102 fueritis
1594 1068 1767 1115 prosecuti.
1797 1070 1857 1105 nisi

1111 1117 1188 1152 forte
1224 1116 1293 1151 talis
1327 1128 1458 1163 persona
1481 1124 1511 1150 et
1546 1124 1606 1150 tam
1634 1116 1746 1151 idonea
1773 1118 1857 1153 iuxta

1110 1166 1239 1201 formam
1259 1165 1402 1200 eamdem
1421 1165 1506 1200 vices
1520 1173 1638 1200 vestras
1652 1165 1698 1200 vel
1721 1174 1857 1202 vestrum

1110 1214 1280 1250 haeredum
1305 1214 1333 1248 in
1359 1214 1415 1249 hac
1439 1222 1525 1260 parte.
1552 1215 1755 1262 suppleverit,
1778 1228 1859 1263 quae

1110 1264 1223 1299 merito
1249 1264 1286 1298 ad
1316 1264 1373 1298 ltoc
1403 1263 1558 1307 sufficere,
1575 1271 1604 1298 et
1628 1265 1726 1310 possit
1749 1273 1780 1299 et
1802 1265 1859 1301 de-

1111 1313 1180 1348 beat
1206 1325 1221 1347 a
1254 1312 1397 1347 Romana
1424 1312 1562 1347 Ecclesia
1591 1314 1737 1358 reputari.
1765 1313 1857 1356 Quod

1109 1364 1133 1397 si
1158 1362 1236 1397 forte
1265 1374 1318 1396 vos
1344 1362 1451 1409 aliquo
1484 1362 1711 1409 impedimento
1738 1362 1859 1399 fueritis

1110 1412 1244 1452 irretiti,
1279 1419 1309 1446 et
1336 1410 1396 1445 hoc
1430 1411 1681 1456 significaveritis
1714 1411 1859 1448 Romano

1111 1460 1268 1504 Pontifici,
1283 1461 1314 1494 in
1332 1468 1484 1507 potestate
1511 1460 1610 1507 ipsius
1625 1460 1798 1496 remanebit
1815 1462 1859 1496 di-

1109 1522 1200 1553 cere,
1236 1509 1444 1555 pronunciare
1472 1517 1502 1543 et
1529 1509 1702 1556 approbare
1729 1517 1759 1545 et
1784 1522 1859 1558 pro·

1110 1558 1200 1599 ferre,
1225 1559 1305 1592 iuxta
1330 1557 1460 1592 formam
1485 1558 1515 1592 in
1544 1558 1680 1605 capitulo
1699 1559 1766 1605 ipso
1787 1571 1859 1594 con-

1110 1615 1238 1650 tentam,
1259 1607 1470 1647 collationem,
1491 1607 1727 1642 concessionem
1750 1616 1780 1642 et
1808 1609 1858 1642 in-

1109 1657 1289 1691 vestituram
1331 1655 1511 1690 huiusmodi
1552 1656 1638 1691 vobis
1673 1665 1702 1691 et
1742 1657 1859 1692 ltaere-

1110 1706 1204 1740 dibus
1241 1706 1351 1739 vestris
1394 1704 1489 1740 factas
1522 1704 1561 1739 de
1594 1717 1691 1752 regno
1721 1714 1752 1740 et
1778 1714 1858 1741 terra

1113 1755 1279 1802 praedictis
1307 1766 1418 1788 vacuas
1441 1753 1571 1788 omnino
1597 1766 1683 1794 csse,
1713 1754 1860 1790 nullum-

1110 1816 1171 1851 que
1195 1804 1330 1838 valorem
1352 1810 1383 1837 et
1410 1802 1505 1838 robur
1531 1802 1659 1838 habere.
1687 1815 1722 1838 ac
1743 1816 1796 1839 eas
1815 1817 1861 1840 re-

1112 1865 1233 1893 vocare,
1248 1861 1278 1887 et
1293 1863 1427 1896 cassare,
1450 1861 1482 1887 et
1498 1860 1628 1892 irritare,
1652 1861 1681 1887 et
1698 1865 1783 1900 ipsas
1797 1865 1861 1888 cas-

1112 1915 1161 1937 sas
1192 1912 1221 1937 et
1242 1902 1344 1936 irritas
1371 1902 1531 1941 nunciare,
1555 1901 1602 1936 vel
1629 1902 1721 1936 talem
1749 1915 1862 1950 perso—

1114 1964 1183 1987 nam
1207 1960 1235 1986 et
1263 1959 1358 1986 totam
1382 1950 1526 1985 idoneam
1548 1962 1708 1986 assumere
1732 1951 1777 1986 vel
1804 1951 1861 1986 ad-

1114 2002 1235 2035 mittere
1257 2000 1295 2034 ad
1311 2000 1428 2034 dictum
1452 2000 1626 2046 negotium,
1653 2012 1734 2047 quae
1750 2001 1861 2035 merito

1112 2051 1150 2085 ab
1179 2051 1247 2097 ipso
1273 2050 1432 2084 sufficiens
1456 2057 1626 2096 reputetur.
1654 2049 1776 2084 Deinde
1799 2061 1859 2084 om·
1887 2056 1930 2077 ΗΜ
1951 2057 2060 2096 consutio-

1114 2111 1169 2134 nes
1193 2099 1379 2146 praemissas
1401 2098 1608 2142 conditiones,
1635 2111 1715 2145 quae
1737 2099 1767 2132 in
1788 2111 1862 2145 per-
1875 2086 2058 2143 {¹5322h22iiss'3'ss2'.

1113 2160 1189 2184 sona
1207 2157 1306 2182 vestra
1321 2156 1522 2195 apponuntur
1537 2148 1618 2182 eirca
1636 2156 1753 2182 vestros
1768 2148 1859 2182 etiam

1115 2199 1145 2232 in
1173 2196 1259 2232 dicto
1291 2209 1387 2243 reguo
1423 2196 1574 2232 haeredes
1595 2205 1625 2230 et
1651 2208 1860 2236 successores,

1115 2246 1318 2292 intelligimus
1341 2253 1370 2280 et
1394 2246 1537 2280 volumus
1552 2258 1622 2280 esse
1643 2245 1754 2285 dictas,
1769 2245 1862 2280 salvis

1114 2295 1280 2338 omnibus,
1301 2307 1380 2342 quae
1396 2296 1477 2330 circa
1499 2295 1578 2330 alios
1600 2294 1750 2329 haeredes
1776 2294 1863 2329 ordi-

1114 2353 1184 2379 nata
1212 2352 1406 2385 conststunt,
1440 2351 1532 2390 prout
1562 2343 1709 2390 superius
1737 2351 1863 2378 estex-

1116 2405 1267 2440 pressum.

1165 2443 1222 2475 026.
1250 2440 1314 2476 Vos
1339 2441 1432 2476 etiam
1456 2440 1569 2475 dabitis
1596 2439 1791 2487 privilegium
1810 2445 2018 2495 ve-(J'ussesttrssio
2047 2453 2058 2466 ³

1115 2499 1213 2525 strum
1253 2490 1381 2525 domino
1408 2490 1512 2537 Papae
1547 2502 1582 2525 ac
1611 2489 1772 2524 Romanae
1799 2477 2060 2531 Ee-i‘ssf⁰¹30s³1{{1⁸}l{

1114 2539 1237 2579 clesiae,
1264 2551 1299 2574 ac
1328 2539 1409 2574 bulla
1435 2551 1527 2574 aurea
1555 2538 1723 2578 bullatum,
1746 2538 1775 2572 in
1799 2550 1862 2585 quo
1875 2543 2060 2590 ssss2¹g¹ffl,5¹;¹?,j

1116 2589 1242 2636 proprio
1270 2589 1446 2623 iuramento
1475 2587 1648 2623 fatebimini
1681 2594 1708 2620 et
1741 2598 1964 2632 cogno-statim
1993 2575 2059 2624 grl'na

1116 2638 1209 2672 scetis
1234 2649 1381 2685 expresse
1404 2649 1533 2684 regnum
1562 2634 1687 2671 Siciliae
1708 2643 1738 2671 et
1765 2643 1861 2671 totam
1875 2629 1981 2649 ⁰¹'‘““³“'
