2129 3223
363 243 434 278 858

400 310 473 340 sunt
499 301 792 342 excommunicari,
818 301 994 346 suspendi,
1019 301 1069 334 vel

399 352 564 391 interdici,
595 351 717 394 absque
743 350 888 384 eiusdem
913 350 1004 384 Sedis
1028 349 1068 382 li-

400 401 505 436 centia
524 400 676 445 speciali,
699 399 774 433 694.

315 453 373 486 VII.
395 451 486 490 Quod
519 449 726 493 inquisitores
757 447 940 481 haereticae
964 447 1069 491 pravi-

398 500 483 540 tatis,
505 504 537 533 et
556 509 671 532 corum
690 498 768 531 socii
788 497 912 530 ordinis
933 497 1069 530 fratrum

400 549 663 582 praedicatorum
688 552 803 580 mutuo
827 557 861 580 se
880 546 1004 590 possint
1030 545 1069 579 ab

401 597 736 632 excommunicatione
769 596 952 632 absolvere,
987 594 1070 627 irre-

399 645 624 690 gularitatibus
657 646 865 689 dispensare,
899 655 919 677 a
951 643 1071 687 quibus

402 706 461 740 per
491 695 616 739 priores
635 694 780 727 eiusdem
805 692 927 726 ordinis
952 691 1072 726 absolvi

404 749 545 788 possent,
568 743 644 777 694.

315 795 390 828 VIII.
407 793 635 836 Exemptiones
650 797 681 826 et
699 791 920 824 immunitates
939 800 1073 834 congre-

400 842 536 886 gationis
563 841 800 874 monachorum
828 839 943 873 Montis
967 838 1071 882 Virgi-

401 891 468 932 nis,
503 890 625 924 ordinis
650 890 758 923 Sancti
782 888 961 929 Benedicti,
993 888 1069 922 694.

317 942 368 975 lx.
390 939 546 983 Magistris
566 944 597 973 et
615 938 817 972 scholaribus
840 937 944 971 Studii
962 938 1074 971 Palen-

401 990 460 1023 tin.
483 989 709 1022 conceduntur
728 987 894 1031 privilegia
913 991 945 1020 et
964 996 1072 1019 exem-

402 1038 528 1082 ptiones
554 1037 594 1070 ad
621 1037 721 1069 instar
746 1035 965 1070 Universitatis
983 1034 1072 1068 Pari-

404 1088 486 1121 sien.
502 1114 510 1127 ,
532 1086 609 1120 695.

318 1138 353 1170 X.
371 1137 463 1176 Quod
483 1134 691 1169 ecclesiastici
707 1144 766 1177 per
785 1144 818 1166 se
837 1132 878 1165 ad
896 1130 1074 1166 saecularia

403 1185 524 1219 iudicia
548 1185 693 1227 delegata
718 1183 768 1216 vel
791 1181 956 1216 ordinaria
980 1180 1075 1214 iuris-

404 1235 545 1268 dictione
575 1233 689 1267 relicta
719 1231 804 1265 trahi
835 1230 969 1264 minime
999 1240 1074 1274 pos-

404 1284 483 1323 sint,
506 1282 581 1316 696.

318 1333 370 1366 xl.
393 1332 484 1372 Quod
511 1331 550 1364 ad
569 1330 788 1364 Ecclesiarum
814 1328 971 1371 regimina
998 1338 1075 1371 pro-

407 1381 485 1414 moti
505 1381 560 1413 illa
580 1380 744 1413 dumtaxat
761 1378 919 1411 beneficia
935 1377 1075 1410 retinere

408 1429 542 1473 possint,
565 1438 648 1471 quae
667 1438 744 1460 suae
760 1425 973 1470 promotionis
995 1430 1076 1458 tem-

406 1488 486 1522 pore
505 1476 660 1510 canonice
679 1475 872 1515 retinebant,
899 1474 975 1507 697.

321 1528 385 1560 XII.
409 1526 523 1560 Civitas
548 1526 743 1558 Recanatcn.
772 1523 935 1556 Romanae
963 1521 1075 1554 Eccle-

406 1575 472 1609 siae
490 1574 620 1608 rebellis
640 1572 815 1617 episcopali
834 1571 988 1615 dignitate
1008 1570 1074 1614 pri-

405 1629 509 1663 vatur,
531 1623 607 1657 697.

320 1674 396 1707 xm.
418 1672 569 1706 Diffinitio
590 1669 828 1704 controversiae
847 1669 932 1701 inter
949 1667 1077 1700 Riccar-

392 1722 485 1760 ,dum
505 1720 656 1754 comitem
676 1718 852 1753 Corrubiae
872 1722 904 1750 et
921 1715 1077 1750 Castellae

409 1781 446 1803 ac
466 1769 614 1812 Legionis
634 1777 758 1811 regem,
778 1772 814 1799 ut
827 1771 966 1809 uterque
981 1765 1078 1798 deno-

409 1818 552 1851 minetur
576 1817 609 1850 in
633 1817 854 1850 Romanorum
878 1824 988 1857 regem
1016 1813 1078 1845 ele-

409 1872 492 1907 ctus,
513 1866 591 1900 698.

413 1915 610 1960 Approbatio
630 1914 693 1947 loci
712 1914 899 1958 sepulturae
919 1911 952 1944 in
970 1910 1078 1943 insula

409 1965 561 1999 Gadicen.
583 1975 602 1997 a
616 1964 770 1998 Castellac
789 1968 821 1996 et
834 1962 982 2005 Legionis
1001 1970 1077 2003 rege

410 2025 468 2057 pro
493 2014 543 2046 sui
567 2012 713 2057 corporis
733 2011 908 2045 condendis
932 2009 1078 2053 reliquiis

409 2063 520 2103 electi,
541 2073 625 2105 quac
649 2062 755 2095 insula
781 2060 957 2104 episcopali
981 2069 1077 2092 orna-

411 2117 465 2145 tur
485 2111 649 2155 dignitate,
672 2110 747 2144 700.

323 2161 382 2194 XV.
405 2161 496 2200 Quod
516 2159 723 2193 ecclesiastici
743 2159 776 2192 in
796 2157 915 2197 causis,
935 2167 1019 2200 quae
1039 2156 1078 2190 ad

410 2210 529 2242 Forum
554 2207 808 2242 ecclesiasticum
832 2206 1013 2250 pertinent,
1039 2204 1079 2236 ad

409 2258 574 2290 saeculare
594 2257 751 2290 iudicium
771 2256 810 2289 ab
837 2255 908 2289 aliis
927 2264 992 2287 non
1016 2258 1080 2286 tra-

412 2312 545 2351 hantur,
568 2311 644 2345 7021.

325 2365 397 2397 xvi.
416 2365 507 2403 Quod
528 2370 643 2405 castra,
665 2363 774 2404 feuda,
793 2368 896 2396 terras
916 2367 948 2395 et
966 2361 1028 2394 alia
1047 2361 1080 2394 in

412 2418 586 2462 Campania
618 2423 649 2451 et
680 2417 838 2451 Maritima
875 2415 1082 2449 consistentia

414 2471 541 2505 nonnisi
568 2471 714 2515 personis
743 2471 782 2504 de
808 2469 929 2503 eisdem
955 2468 1082 2512 provin-

415 2525 470 2558 ciis
497 2525 642 2558 oriundis
667 2524 780 2564 vcndi,
812 2522 926 2557 donari
946 2533 1003 2555 seu
1030 2522 1081 2554 in-

416 2577 539 2609 feudari
560 2577 702 2620 possint,
724 2577 799 2610 702.

330 2629 416 2662 XVII.
439 2630 561 2663 Privata
580 2629 789 2664 Rccanatensi
813 2629 937 2663 civitate
956 2628 1081 2672 episco-

322 1917 395 1950 XIV.

900 248 1088 271 BCLLARIL'M
1111 247 1274 270 ROMANUM

1196 300 1262 344 pali
1281 300 1445 344 dignitate,
1466 300 1663 335 Auximanae
1685 301 1865 336 restituitur

1197 359 1273 382 cum
1292 349 1444 383 omnibus
1462 350 1588 384 iuribus
1607 356 1667 384 etc.
1679 378 1687 392 ,
1709 352 1728 385 7
1731 352 1785 386 ΟΞ.

1108 398 1210 431 XVIII.
1247 396 1510 432 Condemnantur
1541 400 1649 433 onmia
1683 406 1800 435 statuta
1833 407 1864 435 et

1198 447 1453 490 conspirationes
1481 459 1499 481 a
1531 449 1733 491 magnatibus
1772 451 1864 495 regni

1198 497 1330 540 Angliae
1349 497 1488 531 Oxoniae
1508 499 1621 539 factae,
1643 500 1717 534 704.

1110 545 1189 580 XIX.
1208 546 1366 580 Institutio
1386 547 1561 581 festivitatis
1580 548 1776 583 Sanctissimi
1791 550 1867 584 Cor-

1198 596 1286 639 poris
1313 596 1429 630 Christi
1462 608 1521 641 pro
1548 597 1627 630 seria
1653 598 1766 641 quinta
1793 605 1866 644 post

1199 650 1342 679 octavam
1374 646 1577 679 Pentecostes
1609 647 1781 689 quotannis
1811 658 1863 681 so-

1198 694 1350 727 lemniter
1368 694 1597 735 celebrandae,
1620 695 1694 728 705.

1110 741 1176 775 XX.
1211 742 1416 785 privilegium
1454 743 1576 776 abbatis
1609 744 1866 787 congregationis

1198 792 1434 824 monachorum
1450 792 1563 825 Montis
1577 792 1725 835 Virginis,
1743 793 1866 826 ordinis

1198 839 1306 873 Sancti
1334 840 1509 881 Benedicti,
1536 841 1647 874 utendi
1674 841 1785 882 mitra,
1807 841 1864 875 ba-

1199 890 1290 930 culo,
1319 890 1543 923 benedictione
1573 890 1709 924 solemni
1742 896 1773 924 et
1795 891 1866 924 aliis

1201 938 1452 981 pontificalibuS‚
1475 938 1550 973 708.

1111 987 1191 1021 XXI.
1212 986 1369 1021 Institutio
1396 988 1556 1022 secundae
1582 989 1714 1032 regulae
1742 988 1864 1022 ordinis

1199 1048 1348 1070 sororum
1372 1037 1506 1071 Sanctae
1525 1037 1637 1071 Clarae
1661 1043 1867 1082 nuncupata-

1200 1096 1286 1125 rum,
1308 1096 1366 1119 seu
1384 1086 1539 1129 mitigatio
1559 1087 1683 1130 primae
1701 1087 1833 1130 regulae
1848 1097 1866 1120 a

1200 1134 1235 1167 B.
1263 1135 1432 1168 Francisco
1466 1146 1524 1178 pro
1557 1135 1714 1169 eiusmodi
1745 1135 1865 1169 sorori·

1200 1182 1262 1216 bus
1280 1184 1428 1224 traditae,
1451 1184 1527 1219 709,

1369 1278 1523 1312 CLEMEN
1525 1278 1545 1312 S
1564 1278 1615 1311 lv.

1113 1370 1138 1404 Ι.
1172 1369 1349 1415 Encyclicis
1375 1371 1489 1404 litteris
1515 1382 1627 1405 omnes
1650 1371 1867 1405 Ecclesiarum

1202 1421 1361 1464 praelatos
1388 1420 1427 1453 ad
1461 1420 1697 1464 implorandam
1728 1421 1867 1454 dixdnam

1202 1479 1296 1512 opem
1316 1480 1374 1512 pro
1394 1469 1536 1502 Ecclesia
1555 1469 1636 1502 bene
1656 1469 1865 1513 gubernanda

1202 1516 1323 1557 incitat,
1348 1517 1423 1550 721.

1114 1564 1152 1598 Π.
1178 1565 1380 1605 Constitutio,
1407 1575 1465 1608 per
1483 1575 1581 1607 quam
1601 1565 1783 1598 declaratur
1801 1567 1866 1598 An-

1202 1614 1284 1657 gliae
1303 1624 1424 1657 regem,
1446 1614 1579 1657 eiusque
1603 1613 1707 1647 filium
1721 1614 1865 1646 Edmun-

1203 1663 1281 1695 dum
1314 1672 1482 1705 nunquam
1514 1662 1612 1695 fuisse
1648 1672 1741 1694 veros
1776 1661 1867 1704 regni

1203 1710 1330 1745 Siciliae
1354 1720 1564 1754 possessores,
1586 1710 1662 1743 722.

1115 1760 1168 1793 ΙΙΙ.
1188 1759 1356 1793 Restitutio
1376 1758 1537 1802 dignitatis
1557 1758 1731 1802 episcopali
1755 1757 1870 1790 civitati

1204 1814 1235 1843 et
1248 1809 1409 1842 Ecclesiae
1425 1807 1626 1850 Fulginaten.
1637 1834 1645 1847 ‚
1667 1817 1731 1850 qua
1751 1806 1871 1850 privata

1205 1859 1309 1892 fuerat
1324 1858 1364 1891 oh
1380 1856 1608 1890 adhaesionem
1619 1855 1781 1889 Friderico
1793 1855 1870 1888 olim

1206 1906 1412 1951 imperatori,
1435 1905 1509 1939 726.

1116 1957 1164 1990 IV.
1191 1955 1358 1999 Privilegia
1381 1956 1516 1988 fratrum
1540 1953 1676 1987 Militum
1702 1952 1869 1996 hospitalis

1205 2006 1236 2040 S.
1259 2005 1366 2039 Lazari
1386 2003 1681 2048 Hierosolymitani,
1705 2002 1781 2036 727.

1117 2056 1152 2089 Y.
1174 2054 1409 2089 Declarationes
1428 2058 1621 2086 statutorum
1640 2052 1736 2095 (quae
1756 2051 1871 2084 Charta

1205 2102 1372 2138 Charitatis
1387 2102 1603 2146 appellantur)
1623 2100 1744 2134 ordinis
1759 2099 1873 2133 Cister-

1205 2152 1320 2185 ciensis
1337 2151 1588 2187 ,monachorum
1628 2149 1735 2183 Sancti
1768 2149 1870 2181 Bene-

1205 2201 1299 2241 dicti,
1321 2201 1467 2243 aliacque
1487 2199 1705 2233 ordinationes
1724 2208 1782 2242 pro
1803 2197 1872 2230 eius

1206 2251 1291 2284 bono
1311 2250 1481 2292 regimine,
1502 2248 1578 2282 729.

1117 2300 1166 2334 VI.
1188 2300 1231 2333 De
1250 2298 1439 2332 auctoritate
1459 2303 1489 2331 et
1508 2296 1713 2330 facultatibus
1735 2293 1873 2328 ministri

1205 2347 1376 2391 generalis,
1410 2352 1441 2380 et
1473 2346 1611 2379 aliorum
1652 2344 1869 2388 praelatorum

1207 2397 1342 2430 fratrum
1362 2396 1521 2429 Minorum
1536 2392 1800 2428 Conventualium
1820 2400 1870 2423 or-

1207 2444 1289 2477 dinis
1309 2444 1340 2478 S.
1359 2443 1537 2484 Francisci,
1558 2441 1786 2483 nonnullisque
1801 2449 1872 2482 gra-

1206 2493 1273 2571 t7ii3s5
1286 2498 1318 2526 et
1349 2492 1522 2536 priw'legiis
1550 2491 1693 2524 eiusdem
1728 2487 1869 2527 ordinis,

1208 2581 1412 2624 privilegium
1441 2581 1578 2614 fratrum
1600 2577 1734 2612 Militum
1761 2575 1872 2620 hospi-

1207 2625 1279 2660 talis
1311 2625 1418 2660 Sancti
1455 2624 1563 2658 Lazari
1594 2619 1872 2666 Hierosolymitani

1120 2582 1182 2617 vll.
