2129 3223
350 232 420 264 454

340 297 380 325 ris
399 296 434 325 de
472 298 594 324 monast.
617 303 674 324 non
709 297 812 323 exeant
844 293 991 323 monachi.
1012 309 1052 315 —-

339 339 414 375 Quid
437 339 653 369 observandum
677 338 706 367 in
724 337 903 376 recipiendis
922 342 981 367 tum
1002 338 1050 367 in—

341 383 481 420 thntibus,
491 388 551 413 tum
568 383 644 418 aliis,
656 387 683 412 et
700 382 817 421 quando
836 381 1049 421 professionem

102 243 152 268 An.
170 241 199 268 C.
218 242 286 269 ¹228

340 428 473 458 emittere
495 427 630 457 debeant.
647 444 687 449 —
700 426 762 456 Non
779 427 877 456 minus
890 435 976 465 quam
992 431 1050 455 tres

339 471 476 502 monachi
498 471 527 500 in
560 470 694 510 quolibet
724 471 865 510 prioratu.
887 487 925 492 —
947 469 1051 498 Nullus

339 515 450 554 aliquid
469 515 611 554 recipere,
627 514 670 544 vel
684 515 834 554 proprium
849 513 956 543 babere
968 523 1053 552 prae-

339 565 435 589 sumat
453 560 518 589 sine
541 559 703 599 superioris
727 559 884 597 permissu.
906 575 944 580 —-
972 557 1051 592 Quas

339 608 426 636 artes.
437 609 465 633 et
480 603 589 643 quibus
606 603 826 633 conditionibus
838 611 974 633 exercere
990 612 1052 631 mo-

339 648 425 677 nacbi
454 649 578 687 possint.
606 664 646 670 —
677 642 714 676 [ie
738 652 838 677 mutuo
870 647 1052 685 accipiendo,

338 696 367 722 et
384 693 419 722 de
438 692 657 722 donationibus.
675 709 713 714 -
737 691 909 721 visitatores
932 691 1053 720 audiant

337 741 473 775 computa
509 737 767 766 monasteriorum.
784 735 971 774 -Hospites
985 744 1050 764 cum

337 781 462 810 maxima
483 781 625 810 charitate
649 781 837 819 recipiantur.
855 796 894 801 -
915 778 970 814 Qui
994 779 1051 808 cibi

338 824 503 863 hospitibus
521 825 687 863 apponendi
706 824 823 853 sint.—
838 822 972 852 Monacbi
984 831 1051 852 car—

337 868 425 898 nibus
445 877 566 907 prorsus
586 868 764 901 abstineant,
783 877 858 907 quae
882 873 977 896 tamen
1009 867 1054 895 in-

338 913 432 943 firmis
453 913 669 952 permittantur.
687 929 726 934 —
744 911 846 942 Vestes
865 911 968 950 quales
984 920 1051 940 esse

337 957 473 987 debeant.
494 974 533 979 —
555 956 776 996 Conspirateres
795 961 822 985 et
845 955 925 985 fures
950 965 963 984 a
987 965 1051 984 mo-

337 1007 444 1031 naster.
465 1001 659 1040 expellantur.
680 1018 720 1023 —
736 1000 833 1030 Tertio
847 1004 1008 1035 correctus,
1028 1000 1052 1029 si

336 1054 393 1074 non
413 1046 623 1080 emendaverit,
642 1044 677 1074 ab
700 1044 955 1074 administratione
975 1043 1051 1073 deii-

336 1090 440 1119 ciatur.
461 1106 501 1113 --
515 1089 553 1119 De
570 1089 668 1128 sigillo
687 1093 859 1118 conventus.
879 1105 918 1110 —
939 1087 1054 1117 Officia-

337 1133 380 1163 les
396 1134 553 1173 pecuniam
578 1143 634 1162 non
655 1134 801 1162 retineant
824 1133 858 1161 ad
894 1141 965 1161 usus
990 1133 1050 1170 pri·v

337 1183 429 1207 vatos.
447 1195 486 1200 —
500 1177 647 1207 Professis
671 1182 781 1207 tantum
802 1177 950 1216 prioratus
973 1185 1054 1205 com-

338 1222 482 1252 mittendi.
513 1239 552 1244 —
570 1220 744 1251 Necessaria
776 1220 927 1250 monacbis
952 1221 1052 1259 provi-

338 1266 426 1295 deant
449 1265 572 1296 abbates
596 1270 624 1294 et
642 1266 765 1304 priores.
791 1281 822 1287 -—
843 1264 897 1300 Qui
916 1274 972 1293 non
998 1265 1052 1294 ad-

341 1309 448 1340 fuerint
470 1309 598 1348 capitulo
627 1309 757 1347 generali
776 1318 832 1348 qua
857 1317 947 1347 poena
978 1308 1054 1337 niul-

338 1354 446 1383 ctandi.
463 1370 502 1376 —
523 1352 669 1383 Collectae
690 1353 759 1383 fiant
775 1353 809 1382 ad
830 1352 1052 1381 subventionem

340 1399 599 1428 monasteriorum.
621 1414 661 1419 —
678 1397 717 1426 De
740 1396 931 1426 restauranda
964 1396 1055 1425 disci-

341 1443 418 1481 plina
442 1443 699 1472 monasteriorum.
715 1458 754 1464 -
772 1441 979 1470 Defunctorum
1004 1449 1055 1469 no-

341 1487 418 1516 mina
438 1487 474 1516 ad
496 1487 657 1526 capitulum
687 1485 854 1516 deferenda.

301 1562 444 1597 Gregorius
462 1562 603 1597 episeopus
622 1567 718 1589 servus
729 1567 869 1589 servorum
878 1559 933 1592 Dei,
945 1558 1056 1587 dilectis

345 1610 411 1638 filiis
423 1610 566 1639 abbatibus
576 1611 635 1639 tam
644 1610 792 1645 exemptis,
805 1615 883 1644 quam
895 1614 947 1636 non
963 1613 1055 1635 exem-

345 1660 405 1695 ptis
423 1659 579 1696 provinciae
597 1659 787 1691 Narbonensis,
809 1658 929 1686 salutem
948 1658 977 1686 et
992 1663 1054 1692 apo·

346 1709 474 1738 stolicam
496 1709 718 1738 benedictionem.

351 1771 433 1807 Cum
452 1784 509 1819 pro
524 1771 745 1806 reformatione
760 1769 913 1816 regularis
935 1768 1056 1803 ordinis

120 1825 275 1876 ὓϊεῐὲΡξὲξῑῑῦ
305 1822 398 1857 fuerit
432 1833 448 1855 a
481 1820 581 1856 felicis
608 1820 835 1854 recordationis
872 1818 1056 1852 Innocentio

107 1862 390 1919 μῗζὲῗιῗζῗῑῖηζῃΡειρθ
432 1870 673 1916 praedecessore
715 1877 821 1903 nostro
855 1868 886 1902 in
923 1868 1057 1901 concilio

107 1919 220 1975 {gfflss‘n‘⁸
252 1923 291 1938 ⁰⁰*
307 1919 446 1968 generali
476 1927 644 1959 statutum,
669 1927 699 1952 ut
723 1919 752 1952 in
776 1918 910 1962 singulis
933 1917 1056 1962 regnis,

307 1971 372 2005 sive
398 1969 569 2016 provinciis
604 1968 754 2002 deberent
788 1966 976 2012 regularium
1012 1978 1057 1999 ca-

307 2019 405 2066 pitula
427 2017 592 2058 celebrari,
619 2025 648 2051 et
682 2028 719 2051 ex
742 2027 779 2050 eo
815 2015 899 2061 quod
938 2015 974 2057 ii7
1001 2016 1055 2061 qui

309 2067 486 2116 praesidere
513 2066 647 2101 debeant
673 2065 834 2111 capitulis,
856 2063 988 2109 cogendi
1014 2075 1059 2098 re-

309 2117 408 2152 belles
446 2128 508 2151 non
545 2114 730 2149 videbantur
765 2113 879 2148 babere
923 2113 1057 2159 aliquam

310 2173 508 2213 potestatem,
542 2164 685 2199 nonnulli
721 2162 849 2197 abbates
880 2170 910 2196 et
941 2162 1060 2208 priores

309 2215 528 2261 despiciebant
548 2214 586 2248 ad
610 2212 791 2247 huiusmodi
818 2210 952 2258 capitula
983 2222 1060 2245 eon-

311 2265 429 2309 venire,
462 2263 563 2298 bonae
587 2262 757 2297 memoriae
784 2260 824 2295 H.
859 2260 940 2307 Papa
977 2272 1060 2307 prae-

312 2314 459 2349 decessor
487 2320 592 2347 noster
613 2312 669 2352 eis,
694 2311 746 2358 qui
774 2309 986 2357 praesiderent
1009 2321 1061 2343 ca-

313 2363 420 2410 pitulis
448 2369 631 2409 potestatem
655 2361 828 2395 coactionis
850 2358 991 2393 indulsit.
1021 2358 1060 2392 Et

313 2411 447 2459 capitula
481 2411 591 2445 eadem
622 2410 714 2444 aunis
750 2407 885 2455 singulis
912 2406 1060 2442 celebrari

314 2460 493 2501 constituit,
527 2471 598 2494 cum
632 2459 691 2494 boc
725 2457 868 2493 crederet
891 2456 1060 2504 plurimum

315 2510 475 2555 expedire.
504 2508 636 2556 Propter
657 2507 741 2555 quod
765 2506 889 2542 dilectis
911 2505 983 2540 filiis
1001 2505 1061 2539 Β...

317 2556 495 2602 Grassensi,
520 2566 551 2592 et
577 2558 653 2592 Α....
675 2557 781 2592 Sancti
804 2555 926 2599 Hilarii,
947 2563 976 2589 et
999 2553 1061 2589 G...

317 2605 404 2640 Santi
428 2606 531 2640 Pontii
554 2606 593 2640 dc
619 2606 772 2640 Tomeriis
791 2603 957 2639 abbatibus
979 2616 1064 2650 prae-

881 237 1069 260 BULLAtttUM
1093 237 1256 260 ROMANUM

1853 238 1902 265 An.
1918 238 1946 265 C.
1964 239 2035 266 ¹228

1093 291 1270 326 sidentibus
1282 291 1417 338 capitulo
1432 292 1610 339 provinciae
1623 291 1838 328 Narbonensis

1092 353 1189 388 super
1218 340 1407 376 celebrando
1439 342 1468 375 in
1503 354 1538 376 ea
1572 342 1710 388 capitulo
1743 354 1838 388 snper
1865 347 1946 382 Statum
1964 354 1976 368 ³
1996 348 2036 369 ‹1⁶-

1093 399 1174 424 certa
1198 390 1294 424 forma
1322 402 1393 425 suas
1428 390 1546 426 litteras
1568 390 1751 435 destinavit,
1785 392 1836 438 qui
1852 378 2035 435 ἶξῗῗιᾷἶοῧῖἳῗιῖἶζ

1095 440 1178 474 iuxta
1201 439 1354 474 directum
1377 439 1435 474 sibi
1462 439 1655 481 mandatum,
1681 440 1839 475 advocatis
1852 439 2036 491 ⁶5³¹'12‘2‘0g'fflg

1093 489 1217 523 duobus
1238 488 1456 523 Cisterciensis
1478 489 1598 524 ordinis
1621 489 1730 524 vicinis
1748 489 1840 524 abba·
1853 476 1932 522 {iniiga
1972 477 1983 491 ³

1094 537 1189 579 tibus,
1210 538 1362 585 quaedam
1386 538 1511 572 edidere
1532 546 1657 583 statuta,
1680 551 1759 585 quae
1781 551 1840 573 no·

1093 596 1158 622 stro
1186 586 1310 621 fuerunt
1345 588 1479 621 examini
1508 587 1673 630 destinata,
1706 596 1736 622 et
1756 600 1840 634 sup-

1096 636 1215 683 pliciter
1236 636 1338 670 extitit
1361 636 1563 683 postulatum,
1583 644 1616 670 ut
1637 637 1841 683 dignaremur

1094 697 1127 719 ea
1151 686 1317 732 corrigere,
1351 697 1386 719 ac
1420 693 1557 720 correcta
1586 685 1752 721 salubriter
1782 698 1840 733 ap-

1096 734 1238 781 probare,
1254 742 1409 781 quatenus
1423 747 1532 769 eorum
1549 735 1674 769 devotio
1689 744 1839 781 concepta

1094 795 1132 817 ex
1155 785 1204 827 iis7
1231 795 1311 830 quae
1332 784 1484 830 praedicti
1507 784 1766 831 praedecessores
1786 796 1841 819 no-

1094 833 1148 867 stri
1171 844 1267 879 super
1284 833 1403 867 ordinis
1425 833 1645 868 reformatione
1667 833 1840 868 studiosius

1095 882 1259 922 nutriatur.
1286 890 1316 916 et
1338 883 1451 916 nostris
1473 882 1653 917 salubribus
1674 884 1842 917 exortatio-

1096 931 1187 965 nibus
1202 931 1326 977 irrigata
1345 931 1478 966 fructum
1504 931 1638 978 proferat
1658 932 1838 967 salutarem.

1095 980 1175 1014 Cum
1194 980 1298 1027 itaque
1320 980 1422 1015 dictus
1443 981 1539 1015 abbas
1560 980 1759 1022 Crassensis,
1787 982 1839 1029 qui

1097 1038 1224 1077 propter
1246 1030 1305 1064 boc
1320 1030 1357 1064 ad
1375 1031 1579 1076 praesentiam
1597 1039 1734 1065 nostram
1745 1032 1840 1071 venit,

1097 1078 1267 1125 prudenter
1301 1091 1335 1112 ac
1358 1079 1523 1125 diligenter
1545 1079 1635 1114 nobis
1660 1079 1842 1125 exposuerit

1095 1136 1208 1163 statuta
1224 1128 1396 1175 praedicta,
1420 1137 1450 1162 et
1474 1129 1567 1163 etiam
1594 1129 1747 1176 quaedam
1770 1129 1840 1170 alia,

1095 1189 1176 1224 quae
1202 1177 1455 1212 reformationem
1478 1178 1570 1212 vestri
1597 1178 1720 1212 ordinis
1741 1179 1844 1225 impe—

1095 1227 1196 1267 diunt,
1224 1226 1270 1261 vel
1293 1226 1468 1268 retardant3
1498 1239 1621 1262 necnon
1644 1228 1738 1262 etiam
1761 1227 1845 1261 disti-

1095 1276 1228 1310 cultates
1254 1288 1334 1323 quas
1360 1276 1487 1323 quidam
1527 1285 1663 1311 vestrum
1706 1288 1775 1311 esse
1811 1277 1842 1310 in

1095 1325 1286 1371 quibusdam
1314 1333 1501 1360 statutorum
1530 1327 1668 1372 ipsorum
1703 1325 1844 1361 articulis

1096 1375 1287 1416 asserebant,
1309 1387 1405 1421 snper
1427 1374 1586 1409 reddenda
1609 1375 1752 1410 videlicet
1774 1374 1844 1421 ple-

1096 1424 1227 1458 nissime
1250 1424 1369 1458 ratione
1393 1424 1431 1458 de
1453 1424 1790 1463 administrationibus,
1813 1431 1843 1458 et

1096 1482 1268 1519 spontanea
1299 1473 1510 1519 resignatione
1536 1473 1841 1508 administrationum

1097 1522 1234 1568 ipsarum
1257 1522 1347 1556 annis
1368 1522 1502 1568 singulis
1529 1522 1682 1562 facienda,
1709 1531 1740 1556 et
1766 1522 1845 1557 resi-

1096 1571 1200 1605 dentia
1221 1571 1312 1605 trium
1337 1571 1563 1606 monachorum
1588 1571 1617 1605 in
1641 1571 1845 1606 administra-

1097 1620 1237 1655 tionibus
1262 1628 1347 1655 extra
1374 1621 1564 1655 monasteria
1591 1621 1780 1662 constitutis,
1814 1629 1844 1655 et

1097 1669 1284 1704 abstinentia
1311 1670 1452 1704 carnium
1487 1678 1550 1704 tam
1584 1669 1745 1712 districta,
1786 1681 1845 1704 nos

1097 1727 1210 1753 statuta
1245 1718 1354 1753 eadem
1383 1718 1552 1765 diligenter
1589 1719 1782 1759 examinari,
1813 1727 1845 1753 et

1098 1768 1209 1813 corrigi
1232 1767 1377 1811 fecimus,
1401 1776 1430 1802 et
1457 1775 1595 1802 correcta
1618 1780 1652 1803 ac
1674 1768 1845 1815 approbata

1097 1829 1113 1851 a
1142 1817 1243 1857 nobie,
1266 1816 1355 1851 vobis
1381 1817 1440 1851 sub
1462 1816 1551 1851 Bulla
1576 1825 1679 1852 nostra
1698 1817 1846 1852 duximus

1099 1865 1298 1905 remittenda,
1331 1874 1360 1900 et
1382 1877 1417 1900 ea
1446 1866 1665 1901 inviolabiliter
1686 1866 1844 1901 observari

1100 1915 1306 1949 mandamus:
1335 1915 1477 1950 volentes
1503 1923 1597 1962 atque
1624 1915 1846 1963 praecipiendo
1859 1930 1962 1955 Gregorto
1991 1934 2043 1956 sup-

1100 1964 1297 2004 mandantes,
1320 1972 1352 1998 ut
1383 1965 1599 2011 praesidentes
1630 1973 1732 1999 vestro
1753 1965 1846 2012 capi·
1860 1960 2044 2018 ¹³¹jsszffigr¹ss²2f³⁸

1100 2013 1181 2057 tulo,
1216 2021 1246 2047 et
1281 2013 1456 2048 visitatores
1489 2014 1752 2048 monasteriorum
1785 2015 1844 2048 iam
1861 2023 1915 2050 quod
1935 2006 2042 2049 praestitz

1100 2062 1202 2097 dictae
1217 2062 1411 2108 provinciae.
1428 2063 1514 2097 omni
1527 2063 1784 2107 contradictione,
1797 2074 1845 2098 ex-

1100 2111 1280 2155 cusatione,
1306 2123 1343 2146 ac
1369 2111 1578 2159 appellatione
1604 2113 1748 2156 remotis,
1781 2112 1845 2158 ipsa

1103 2160 1216 2194 faciant
1245 2160 1275 2194 in
1314 2160 1448 2206 singulis
1483 2161 1624 2196 eiusdem
1669 2161 1846 2207 provinciae

1103 2209 1313 2248 monasteriis,
1330 2218 1361 2245 et
1374 2209 1562 2257 prioratibus
1575 2210 1802 2245 monachorum
1817 2219 1847 2245 et

1103 2258 1287 2293 monialium
1303 2267 1329 2294 et
1347 2259 1438 2294 vestri
1454 2259 1575 2294 ordinis
1593 2258 1848 2305 irrefragabiliter

1103 2307 1281 2352 observari,
1316 2308 1492 2343 secundum
1518 2316 1668 2343 statutum
1697 2308 1846 2355 praedicti
1894 2318 2010 2354 Eorumque

1103 2356 1239 2397 concilii,
1254 2358 1322 2392 vice
1335 2365 1441 2392 nostra
1460 2358 1634 2398 visitantes,
1656 2357 1848 2403 corrigentes
1861 2349 2047 2401 2225f2¹ss⁸f⁰⁵⁸w

1103 2413 1133 2439 et
1160 2405 1379 2447 reformantes,
1402 2418 1482 2453 quae
1508 2406 1713 2441 correctionis
1739 2414 1769 2441 et
1798 2419 1848 2442 re-

1103 2454 1299 2490 formationis
1332 2455 1434 2491 officio
1462 2455 1595 2490 viderint
1621 2454 1772 2501 indigere.

1153 2503 1325 2539 Monernus
1356 2505 1460 2552 itaque
1488 2504 1671 2539 charitatem
1700 2512 1848 2549 vestram,

1105 2561 1136 2589 et
1162 2553 1325 2588 hortamur
1352 2554 1383 2588 in
1411 2553 1565 2597 Domino,
1591 2561 1750 2600 quatenus
1778 2554 1849 2589 sol-

1105 2603 1201 2643 licite,
1229 2603 1309 2638 sicut
1335 2603 1493 2646 convenit,
1521 2602 1735 2642 attendentes,
1763 2602 1849 2650 quod
