2129 3223
49 257 89 285 Αη
119 258 146 285 C.
161 259 225 285 1187

246 325 308 360 que
330 313 403 348 scria
427 313 518 348 nobis
538 322 569 347 ct
591 312 720 347 familiis
742 313 860 349 nostris
899 323 987 346 esum

64 366 106 388 ΝΜ
123 363 350 403 ῐφΰνφῑυωπηίε
375 362 603 407 interdicimus,
630 362 690 397 nisi
712 362 790 397 so'rte
812 370 865 398 aut
901 362 990 395 intir-

50 399 348 457 iffississpefflssmitas,
376 419 430 446 aut
468 423 580 458 magna
619 411 812 452 solemnitas,
846 412 891 446 vol
932 410 988 445 alia

244 460 373 496 evidens
418 473 531 502 causa,
572 461 636 496 visa
679 461 773 497 suerit
823 460 987 508 impedire:

244 517 410 557 sperantes
430 510 515 557 quod
543 511 590 546 sic
617 510 709 546 nobis
747 511 888 558 ignoscet
922 509 989 544 Do-

244 560 362 599 minus,
386 567 418 594 et
439 560 593 607 relinquet
615 568 688 608 post
720 572 754 595 se
792 559 990 595 benedictio-

245 621 328 645 nem.
356 608 424 644 Hoc
445 609 540 656 igitur
561 609 639 645 adeo
670 610 838 646 statuimus
874 608 990 644 obser-

245 658 393 698 vandum,
419 666 455 694 ut
475 659 671 707 quicumque
690 668 903 705 transgressor
916 657 991 693 exti-

245 709 328 748 terit,
343 709 432 755 quasi
461 708 691 756 praevaricator
711 708 990 757 quadragesimalis

245 757 350 794 ieiunii
374 757 536 793 habeatur.

289 806 403 842 Datum
430 806 592 843 Ferrariae
613 815 725 856 quarto
752 806 902 843 kalendas
931 818 988 841 no-

244 855 395 891 vembris.

283 911 344 943 Dat.
365 913 412 944 die
429 913 467 944 29
493 913 622 945 octobris
641 923 717 944 anno
734 913 850 945 Domini
870 913 954 951 1187,

501 958 603 998 pontis.
621 967 697 988 anno
716 967 733 988 1.

545 1031 684 1040 ——-

591 1117 644 1152 lv.
671 1170 673 1172 ι

246 1195 457 1239 Appellationi
483 1195 518 1226 de
539 1195 625 1227 rebus
651 1194 775 1227 modicis
802 1196 901 1238 sactae
932 1207 992 1228 non

295 1251 336 1276 est
357 1244 559 1282 deferendum:
588 1245 641 1277 sed
671 1250 704 1277 ut
728 1245 812 1288 infra
837 1246 910 1289 fines
943 1245 991 1278 ιἰι-

295 1293 386 1332 dices,
413 1293 468 1337 qui
503 1293 672 1337 suspicione
705 1300 847 1331 careant,
887 1294 991 1338 etiyae,

296 1342 456 1386 appellans
477 1349 518 1376 est
543 1343 703 1387 cogendus:
723 1354 742 1376 a
759 1344 867 1387 quibus
888 1344 992 1387 siquis

291 1392 430 1435 partium
454 1392 612 1424 crediderit
632 1393 864 1436 appellandum,
883 1394 925 1426 ad
946 1403 991 1425 ar-

294 1440 516 1484 chiepiscopum
544 1442 588 1473 vel
624 1442 787 1485 primatem
813 1453 911 1475 vocem
941 1453 993 1487 ap-

291 1489 465 1534 pellationis
485 1490 601 1523 emittat
623 1491 679 1533 (4).

520 1566 733 1598 SEMMARIUM

243 1631 409 1663 Exordium.
430 1650 469 1656 -
496 1632 527 1662 In
549 1634 649 1663 causis
671 1634 746 1664 infra
776 1644 921 1665 summam
952 1637 990 1666 ri-

283 1677 356 1715 ginti
375 1678 561 1707 marcharum
578 1687 635 1708 non
655 1679 862 1718 appellandum
880 1681 937 1710 nisi
956 1681 990 1711 ad

284 1721 536 1762 archiepiscopum
564 1723 623 1752 sive
640 1723 803 1762 primatem.
816 1725 991 1764 —Tenipus

284 1766 431 1804 definitur,
450 1777 506 1807 quo
526 1768 663 1805 decurso,
680 1768 761 1798 nulla
782 1769 863 1799 litera
883 1780 898 1799 n
917 1770 993 1799 Pon-

284 1810 360 1840 tifice
382 1811 563 1850 impetranda
591 1821 643 1851 pro
662 1812 811 1842 iudicibus
834 1823 890 1843 non
913 1814 992 1843 ordi-

284 1855 376 1885 nariis
399 1855 578 1887 obtinendis.
609 1874 647 1879 —
672 1856 861 1887 Dimissoriae
891 1859 991 1889 literae

284 1909 341 1930 non
357 1901 506 1940 negandae
521 1901 556 1931 iis
567 1902 617 1940 qui
629 1902 736 1931 iustam
746 1910 864 1931 causam
875 1902 991 1932 liabent.

245 1970 390 2007 Gregorius
404 1971 538 2000 universis
554 1970 692 2001 fratribus
711 1972 843 2009 episcopis
861 1975 891 2003 et
904 1974 991 2002 archi·

289 2020 418 2054 diaconis.
439 2022 473 2051 ad
492 2028 557 2058 qnos
580 2022 696 2052 litterae
715 2023 788 2052 istae
807 2024 990 2060 pervenerint.

295 2087 352 2123 Vel
374 2100 414 2123 ex
434 2088 519 2131 dolo,
541 2089 587 2124 vel
606 2101 643 2125 ex
657 2090 773 2125 malitia
788 2091 989 2138 litigantium,

247 2137 294 2172 vel
316 2150 353 2173 ex
369 2138 494 2173 defectu
517 2147 623 2174 nostro
641 2140 798 2175 credimus
815 2142 989 2188 provenire,

247 2187 331 2235 quod
353 2195 436 2223 tanta
459 2189 654 2235 negotiorum
676 2189 848 2237 frequentia
877 2191 990 2225 diebus

247 2237 382 2284 singulis
422 2250 632 2285 perurgemur
646 2266 654 2279 ,
696 2247 731 2274 ut
777 2240 989 2276 imbecillitate

249 2287 365 2334 proprii
392 2288 532 2335 corporis
558 2287 733 2324 laborantes
754 2290 867 2325 minori
887 2290 989 2338 impe—

247 2336 316 2376 diti,
343 2337 491 2372 omnibus
526 2349 588 2371 non
630 2338 789 2385 possimus
823 2340 988 2375 commode

247 2397 424 2433 superesse,
454 2394 507 2421 aut
541 2386 680 2435 undique
710 2389 987 2425 contradicentium

248 2434 412 2477 clamores,
439 2444 493 2471 aut
515 2448 675 2472 murmura
707 2438 872 2474 sustinere.
908 2439 989 2474 Hinc

84 2139 200 2163 Exordium.

248 2485 342 2520 etiam
377 2485 492 2530 evenit,
522 2486 605 2533 quod
645 2487 778 2533 negotiis
811 2488 988 2524 minoribus

248 2535 403 2582 occupati,
425 2535 596 2571 maioribus
636 2535 797 2572 intendere
833 2550 896 2573 non
936 2551 988 2574 va-

283 2605 322 2640 (t)
341 2605 379 2632 Ex
396 2606 547 2641 Appendice
565 2606 596 2634 ad
612 2606 710 2633 Concil.
728 2607 845 2636 Lateran.
864 2609 910 2642 111,
923 2611 986 2637 tom.

248 2653 308 2678 xm,
324 2645 372 2673 col.
390 2646 451 2673 605.

843 256 1027 280 (inmortuus
1048 257 1106 280 vni
1131 257 1179 279 ΙΨ.

1677 246 1718 261 1·-

1676 257 1721 278 oo
1787 255 1835 281 An.
1855 254 1884 280 C.
1899 254 1966 280 1187

1028 311 1139 356 lomus,
1155 311 1425 358 proutnecessitas
1437 311 1646 346 ecclesiastica
1666 318 1770 357 postu-

1029 360 1116 402 laret,
1143 368 1174 396 et
1205 372 1285 408 quae
1312 360 1439 395 diffiniri
1467 361 1513 396 vel
1552 360 1676 407 disponi
1715 371 1771 407 per

1029 422 1086 445 nos
1113 410 1198 445 brevi
1236 419 1378 455 tempore
1417 410 1592 456 potuissent
1624 418 1772 457 expecta-

1029 460 1111 495 tione
1138 459 1260 494 diutina
1283 459 1451 506 plusquam
1486 466 1622 506 oportet,
1664 458 1773 494 multis

1029 510 1144 556 pariter
1186 508 1380 544 irruentibus
1427 508 1654 555 producuntur.
1702 507 1773 550 Quo

1028 559 1112 594 circa
1135 570 1190 606 per
1211 557 1390 605 generalem
1418 557 1582 604 epistolam
1598 557 1770 593 remedium

1028 608 1101 644 huic
1127 608 1170 643 rei
1192 608 1338 642 duximus
1366 606 1607 654 providendum,
1635 619 1673 641 ne
1697 606 1775 641 mul-

1028 658 1147 693 timodo
1193 657 1403 704 impediamur
1450 657 1590 696 incursu,
1629 656 1673 691 vel
1717 668 1772 691 sua

1029 708 1173 742 iniuriam
1194 706 1386 755 patientibus
1407 706 1506 753 possit
1532 705 1648 740 iustitia
1675 705 1773 753 depe-

1030 757 1100 792 rire.
1124 757 1168 791 Ea
1191 764 1317 804 propter
1344 754 1537 790 universitati
1568 762 1687 790 vestrae
1912 799 1936 801 Α,
1965 798 1969 801 ἡ

1028 806 1066 841 Α.
1076 805 1110 841 S.
1128 808 1170 850 (1)
1185 804 1402 853 praesentibus
1416 804 1775 851 mandamus,quatenus
1789 801 1970 850 ζζῗξξῖζῗυζζᾞζ

1029 857 1053 891 si
1080 855 1161 891 sorte
1195 854 1234 890 de
1274 854 1407 890 modicis
1444 854 1551 899 rebus,
1584 866 1665 901 quae
1698 854 1775 889 infra
1805 860 1955 911 epressmdur}

1029 917 1185 940 summam
1207 904 1316 952 viginti
1339 915 1513 939 marcarum
1541 903 1728 944 subsistunt,
1745 903 1774 938 in
1789 892 1970 949 iiiiegsiuss‘csiv'}

1029 954 1194 990 auditoriis
1239 953 1350 989 vestris
1391 965 1486 989 causa
1531 953 1707 997 ventiletur,
1746 962 1777 988 et
1790 955 1906 981 P‘iffl‘ffl·

1030 1005 1178 1039 alteruter
1198 1003 1385 1050 litigantium
1425 1002 1585 1038 delusorie
1622 1002 1777 1050 putaverit

1030 1052 1265 1101 appellandum,
1280 1053 1349 1087 eius
1363 1052 1572 1100 appellatione
1585 1059 1777 1100 contempta,

1032 1102 1111 1137 infra
1137 1102 1217 1137 fines
1238 1110 1413 1137 vestrorum
1452 1102 1688 1149 episcopatuum
1723 1114 1778 1137 eos

1030 1151 1145 1198 eligere
1178 1150 1311 1195 iudices,
1349 1151 1401 1198 qui
1434 1151 1615 1198 suspicione
1639 1159 1777 1196 careant,

1031 1200 1237 1248 compellatis:
1265 1201 1290 1236 si
1314 1208 1418 1235 tamen
1446 1199 1550 1235 idonei
1579 1200 1620 1235 ibi
1659 1200 1777 1236 fuerint

1032 1250 1159 1291 inventi,
1188 1251 1217 1284 in
1255 1262 1391 1297 quorum
1431 1250 1603 1297 praesentia
1638 1250 1776 1297 iurgium

1031 1300 1181 1346 sopiatur,
1207 1311 1224 1333 a
1246 1299 1373 1345 quibus,
1395 1299 1421 1334 si
1448 1311 1508 1346 qua
1532 1299 1664 1346 partium
1701 1311 1777 1334 cre—

1031 1348 1146 1383 diderit
1171 1348 1405 1395 appellandum,
1433 1348 1472 1383 ad
1499 1348 1775 1395 archiepiscopum

1031 1398 1095 1432 sive
1109 1397 1272 1444 primatem
1289 1409 1395 1433 vocem
1411 1397 1631 1445 appellationis
1645 1399 1776 1432 emittat.

1032 1446 1065 1481 Si
1089 1459 1160 1482 vero
1183 1447 1241 1481 tale
1264 1448 1424 1493 negotium
1443 1448 1494 1491 sit,
1513 1447 1597 1494 quod
1620 1459 1776 1482 summam

1031 1496 1191 1531 contineat
1230 1496 1428 1544 aliquatenus
1471 1496 1657 1544 ampliorem
1695 1496 1776 1532 infra

1033 1545 1111 1580 fines
1143 1553 1316 1580 vestrarum
1350 1546 1562 1587 dioeceseon,
1601 1546 1628 1580 si
1663 1554 1777 1593 sponte

1032 1595 1200 1635 noluerint,
1223 1595 1307 1629 inviti
1326 1608 1389 1630 non
1412 1603 1573 1642 cogantur.
1589 1595 1776 1642 Cognitores

1032 1652 1135 1679 tamen
1168 1644 1208 1679 de
1241 1645 1352 1680 vicinis
1389 1645 1621 1692 episcopatibus
1653 1645 1776 1692 aliquos

1031 1694 1147 1740 eligere
1168 1694 1396 1741 compellantur
1418 1695 1502 1730 iuxta
1523 1694 1773 1742 sormam,quam

1034 1743 1265 1790 praemisimus,
1308 1744 1466 1791 negotium
1514 1751 1697 1779 tractaturos
1743 1744 1773 1778 in

1032 1793 1205 1827 maioribus
1231 1794 1335 1828 causis
1365 1802 1395 1829 et
1422 1793 1658 1828 obscurioribus
1697 1793 1775 1828 arti-

1031 1842 1112 1877 culis
1128 1842 1304 1890 appellandi
1332 1843 1369 1878 ad
1410 1842 1525 1878 Sedem
1562 1842 1773 1889 Apostolicam

1031 1892 1121 1939 copia
1141 1900 1271 1927 servata.
1297 1892 1367 1928 Non
1389 1893 1472 1928 enim
1497 1892 1774 1928 videturmalitiae

1032 1942 1213 1989 suspicione
1244 1954 1362 1988 carere,
1395 1942 1478 1991 quod
1519 1943 1662 1990 plerique
1698 1955 1773 1978 suos

1030 1990 1225 2027 adversarios
1251 1992 1288 2027 ad
1316 1993 1521 2040 praesentiam
1553 2000 1691 2028 nostram
1726 1993 1772 2027 la-

1030 2040 1140 2076 borare
1161 2041 1367 2090 compellunt.
1389 2041 1557 2077 Caeterum
1584 2042 1609 2077 si
1637 2043 1690 2089 qui
1713 2042 1772 2077 liti·
1798 2047 1885 2089 Tcnuuss
1913 2049 1965 2068 defi*

1030 2092 1170 2137 gantium
1205 2104 1221 2126 a
1258 2092 1400 2139 proximo
1433 2092 1511 2127 sesto
1539 2091 1771 2127 Purificationis
1785 2081 1966 2132 2i⁸.·⁰s'0',siilii.1⁶s,]

1029 2152 1125 2187 super
1146 2141 1250 2176 causis
1270 2141 1309 2176 de
1331 2141 1447 2188 quibus
1467 2144 1647 2189 episeopus,
1680 2142 1771 2176 cuius
1785 2141 1965 2198 ffisffegfss2¹l¹³'‘'³jss

1029 2189 1237 2225 iurisdictioni
1279 2192 1388 2226 saltem
1423 2193 1448 2226 is
1490 2192 1543 2238 qui
1587 2192 1770 2226 convenitur
1784 2204 1887 2223 iudicibus
1924 2179 1964 2224 tilii!

1029 2251 1091 2274 non
1118 2239 1272 2284 subiacet,
1294 2253 1356 2275 non
1388 2240 1481 2275 fuerit
1507 2241 1687 2288 requisitus,
1722 2241 1767 2274 vel
1784 2235 1965 2286 ssssssixissmffl'n‘

1029 2288 1151 2324 iudices
1186 2290 1291 2325 clerici
1335 2289 1514 2336 supradicto
1565 2290 1659 2324 modo
1707 2302 1767 2324 non

1028 2337 1142 2372 suerint
1162 2339 1265 2383 electi,
1282 2346 1312 2374 et
1333 2339 1437 2374 literas
1457 2351 1474 2374 a
1502 2339 1592 2373 nobis
1622 2339 1768 2374 duxerint

1028 2387 1252 2435 impetrandas,
1273 2400 1329 2435 per
1349 2401 1427 2435 quas
1452 2388 1640 2423 examinatio
1656 2389 1770 2435 iurgio-

1029 2449 1108 2477 rum,
1131 2438 1178 2472 vel
1200 2437 1344 2472 diffinitio
1384 2437 1540 2472 iudicibus
1574 2450 1637 2473 non
1674 2438 1770 2473 ordi—

1719 767 1774 802 pel'
1802 766 1822 787 ln
1835 768 1904 788 causis
1916 766 1970 787 intra

1027 2486 1121 2521 uariis
1157 2487 1379 2527 committatur,
1418 2495 1543 2522 careant
1585 2488 1767 2535 impetratis,

1026 2545 1055 2570 et
1079 2535 1117 2570 ad
1145 2549 1274 2572 suorum
1293 2537 1483 2572 audientiam
1504 2536 1642 2572 iudicum
1657 2537 1767 2572 ordine

1026 2585 1132 2619 debito
1174 2586 1297 2632 negotia
1339 2594 1541 2622 revertantur.
1583 2587 1638 2622 Sic
1682 2587 1766 2623 enim

1060 2646 1099 2681 (1)
1115 2647 1264 2682 Apostolica
1279 2648 1385 2682 scripta.
