<?xml version="1.0" encoding="UTF-8"?>
<!DOCTYPE html PUBLIC "-//W3C//DTD XHTML 1.0 Transitional//EN"
    "http://www.w3.org/TR/xhtml1/DTD/xhtml1-transitional.dtd">
<html xmlns="http://www.w3.org/1999/xhtml" xml:lang="en" lang="en">
 <head>
  <title>
</title>
<meta http-equiv="Content-Type" content="text/html;charset=utf-8" />
  <meta name='ocr-system' content='tesseract 3.04.00' />
  <meta name='ocr-capabilities' content='ocr_page ocr_carea ocr_par ocr_line ocrx_word'/>
</head>
<body>
  <div class='ocr_page' id='page_1' title='image "./bullarumdiplomat03cath_0285.png"; bbox 0 0 2129 3223; ppageno 0'>
   <div class='ocr_carea' id='block_1_1' title="bbox 43 240 218 268">
    <p class='ocr_par' dir='ltr' id='par_1_1' title="bbox 43 240 218 268">
     <span class='ocr_line' id='line_1_1' title="bbox 43 240 218 268; baseline -0.017 0"><span class='ocrx_word' id='word_1_1' title='bbox 43 240 93 268; x_wconf 73' lang='lat' dir='ltr'>An.</span> <span class='ocrx_word' id='word_1_2' title='bbox 110 240 139 266; x_wconf 84' lang='lat' dir='ltr'>C.</span> <span class='ocrx_word' id='word_1_3' title='bbox 154 240 218 266; x_wconf 58' lang='lat'>¹91&amp;</span> 
     </span>
    </p>
   </div>
   <div class='ocr_carea' id='block_1_2' title="bbox 41 299 222 352">
    <p class='ocr_par' dir='ltr' id='par_1_2' title="bbox 41 299 222 352">
     <span class='ocr_line' id='line_1_2' title="bbox 54 299 222 321; baseline 0.006 -1"><span class='ocrx_word' id='word_1_4' title='bbox 54 299 93 320; x_wconf 74' lang='grc' dir='ltr'>ΡΙ).</span> <span class='ocrx_word' id='word_1_5' title='bbox 109 301 134 321; x_wconf 75' lang='lat' dir='ltr'>de</span> <span class='ocrx_word' id='word_1_6' title='bbox 149 305 173 320; x_wconf 74' lang='lat' dir='ltr'>en</span> <span class='ocrx_word' id='word_1_7' title='bbox 185 306 222 321; x_wconf 76' lang='lat' dir='ltr'>no-</span> 
     </span>
     <span class='ocr_line' id='line_1_3' title="bbox 41 331 135 352; baseline -0.011 -1"><span class='ocrx_word' id='word_1_8' title='bbox 41 331 135 352; x_wconf 20' lang='lat' dir='ltr'>tte-itudo,</span> 
     </span>
    </p>
   </div>
   <div class='ocr_carea' id='block_1_3' title="bbox 31 1286 212 1369">
    <p class='ocr_par' dir='ltr' id='par_1_3' title="bbox 31 1286 212 1369">
     <span class='ocr_line' id='line_1_4' title="bbox 45 1286 212 1309; baseline 0.012 -2"><span class='ocrx_word' id='word_1_9' title='bbox 45 1287 74 1308; x_wconf 73' lang='lat' dir='ltr'>Ad</span> <span class='ocrx_word' id='word_1_10' title='bbox 95 1286 134 1308; x_wconf 76' lang='lat' dir='ltr'>hoe</span> <span class='ocrx_word' id='word_1_11' title='bbox 156 1288 212 1309; x_wconf 79' lang='lat' dir='ltr'>indt-</span> 
     </span>
     <span class='ocr_line' id='line_1_5' title="bbox 31 1318 212 1339; baseline 0 -1"><span class='ocrx_word' id='word_1_12' title='bbox 31 1318 118 1338; x_wconf 71' lang='lat' dir='ltr'>tendum</span> <span class='ocrx_word' id='word_1_13' title='bbox 138 1320 212 1339; x_wconf 80' lang='lat' dir='ltr'>cunci-</span> 
     </span>
     <span class='ocr_line' id='line_1_6' title="bbox 31 1350 86 1369; baseline 0.018 -1"><span class='ocrx_word' id='word_1_14' title='bbox 31 1350 86 1369; x_wconf 81' lang='lat' dir='ltr'>llum.</span> 
     </span>
    </p>
   </div>
   <div class='ocr_carea' id='block_1_4' title="bbox 7 1774 211 1831">
    <p class='ocr_par' dir='ltr' id='par_1_4' title="bbox 7 1774 211 1831">
     <span class='ocr_line' id='line_1_7' title="bbox 7 1774 211 1804; baseline 0.005 -5"><span class='ocrx_word' id='word_1_15' title='bbox 7 1774 12 1804; x_wconf 61' lang='lat' dir='ltr'><em>J</em></span> <span class='ocrx_word' id='word_1_16' title='bbox 42 1779 99 1804; x_wconf 60' lang='lat' dir='ltr'>tinae</span> <span class='ocrx_word' id='word_1_17' title='bbox 131 1780 152 1799; x_wconf 85' lang='lat' dir='ltr'>in</span> <span class='ocrx_word' id='word_1_18' title='bbox 185 1784 211 1800; x_wconf 80' lang='lat' dir='ltr'>eo</span> 
     </span>
     <span class='ocr_line' id='line_1_8' title="bbox 93 1811 209 1831; baseline -0.009 -1"><span class='ocrx_word' id='word_1_19' title='bbox 93 1811 209 1831; x_wconf 73' lang='lat' dir='ltr'>tractanda.</span> 
     </span>
    </p>
   </div>
   <div class='ocr_carea' id='block_1_5' title="bbox 829 230 1179 254">
    <p class='ocr_par' dir='ltr' id='par_1_5' title="bbox 829 230 1179 254">
     <span class='ocr_line' id='line_1_9' title="bbox 829 230 1179 254; baseline -0.009 0"><span class='ocrx_word' id='word_1_20' title='bbox 829 230 1039 254; x_wconf 66' lang='lat' dir='ltr'>INNocsss‘rtcs</span> <span class='ocrx_word' id='word_1_21' title='bbox 1065 230 1102 252; x_wconf 88' lang='grc' dir='ltr'>ΙΙΙ</span> <span class='ocrx_word' id='word_1_22' title='bbox 1131 230 1179 252; x_wconf 83' lang='grc' dir='ltr'>ΡΡ.</span> 
     </span>
    </p>
   </div>
   <div class='ocr_carea' id='block_1_6' title="bbox 223 288 977 2071">
    <p class='ocr_par' dir='ltr' id='par_1_6' title="bbox 229 288 977 833">
     <span class='ocr_line' id='line_1_10' title="bbox 284 288 977 341; baseline -0.009 -14"><span class='ocrx_word' id='word_1_23' title='bbox 284 295 304 341; x_wconf 67' lang='lat' dir='ltr'><strong>g</strong></span> <span class='ocrx_word' id='word_1_24' title='bbox 330 298 357 327; x_wconf 88' lang='lat'>1.</span> <span class='ocrx_word' id='word_1_25' title='bbox 377 291 468 327; x_wconf 85' lang='lat' dir='ltr'>Illius</span> <span class='ocrx_word' id='word_1_26' title='bbox 493 302 566 336; x_wconf 84' lang='lat' dir='ltr'>ergo</span> <span class='ocrx_word' id='word_1_27' title='bbox 595 288 809 324; x_wconf 87' lang='lat' dir='ltr'>testimonium</span> <span class='ocrx_word' id='word_1_28' title='bbox 846 288 977 322; x_wconf 87' lang='lat' dir='ltr'>invoca—</span> 
     </span>
     <span class='ocr_line' id='line_1_11' title="bbox 237 336 976 389; baseline -0.009 -11"><span class='ocrx_word' id='word_1_29' title='bbox 237 355 317 386; x_wconf 86' lang='lat' dir='ltr'>mus,</span> <span class='ocrx_word' id='word_1_30' title='bbox 344 341 396 389; x_wconf 88' lang='lat' dir='ltr'>qui</span> <span class='ocrx_word' id='word_1_31' title='bbox 420 339 506 375; x_wconf 87' lang='lat' dir='ltr'>testis</span> <span class='ocrx_word' id='word_1_32' title='bbox 528 347 575 374; x_wconf 88' lang='lat' dir='ltr'>est</span> <span class='ocrx_word' id='word_1_33' title='bbox 594 339 624 373; x_wconf 90' lang='lat' dir='ltr'>in</span> <span class='ocrx_word' id='word_1_34' title='bbox 647 338 735 373; x_wconf 88' lang='lat' dir='ltr'>coelo</span> <span class='ocrx_word' id='word_1_35' title='bbox 757 337 869 382; x_wconf 87' lang='lat' dir='ltr'>fidelis,</span> <span class='ocrx_word' id='word_1_36' title='bbox 891 336 976 385; x_wconf 90' lang='lat' dir='ltr'>quod</span> 
     </span>
     <span class='ocr_line' id='line_1_12' title="bbox 235 386 975 427; baseline -0.008 0"><span class='ocrx_word' id='word_1_37' title='bbox 235 393 315 427; x_wconf 84' lang='lat' dir='ltr'>inter</span> <span class='ocrx_word' id='word_1_38' title='bbox 342 390 445 425; x_wconf 86' lang='lat' dir='ltr'>onmia</span> <span class='ocrx_word' id='word_1_39' title='bbox 482 387 699 424; x_wconf 83' lang='lat' dir='ltr'>desiderabilia</span> <span class='ocrx_word' id='word_1_40' title='bbox 740 386 844 422; x_wconf 88' lang='lat' dir='ltr'>cordis</span> <span class='ocrx_word' id='word_1_41' title='bbox 879 387 975 422; x_wconf 81' lang='lat' dir='ltr'>nostri</span> 
     </span>
     <span class='ocr_line' id='line_1_13' title="bbox 233 436 975 485; baseline -0.008 -9"><span class='ocrx_word' id='word_1_42' title='bbox 233 440 296 476; x_wconf 90' lang='lat' dir='ltr'>duo</span> <span class='ocrx_word' id='word_1_43' title='bbox 336 440 365 475; x_wconf 93' lang='lat' dir='ltr'>in</span> <span class='ocrx_word' id='word_1_44' title='bbox 401 439 459 474; x_wconf 82' lang='lat' dir='ltr'>hoc</span> <span class='ocrx_word' id='word_1_45' title='bbox 492 438 617 474; x_wconf 81' lang='lat' dir='ltr'>saeculo</span> <span class='ocrx_word' id='word_1_46' title='bbox 652 436 864 485; x_wconf 72' lang='lat' dir='ltr'>principaliter</span> <span class='ocrx_word' id='word_1_47' title='bbox 898 436 975 471; x_wconf 84' lang='lat' dir='ltr'>all&#39;e-</span> 
     </span>
     <span class='ocr_line' id='line_1_14' title="bbox 232 485 976 535; baseline -0.007 -10"><span class='ocrx_word' id='word_1_48' title='bbox 232 498 364 529; x_wconf 88' lang='lat' dir='ltr'>ctamus,</span> <span class='ocrx_word' id='word_1_49' title='bbox 393 497 426 523; x_wconf 89' lang='lat' dir='ltr'>ut</span> <span class='ocrx_word' id='word_1_50' title='bbox 460 487 496 522; x_wconf 89' lang='lat' dir='ltr'>ad</span> <span class='ocrx_word' id='word_1_51' title='bbox 532 487 798 535; x_wconf 78' lang='lat' dir='ltr'>recuperationem</span> <span class='ocrx_word' id='word_1_52' title='bbox 834 485 976 521; x_wconf 83' lang='lat' dir='ltr'>videlicet</span> 
     </span>
     <span class='ocr_line' id='line_1_15' title="bbox 232 536 975 581; baseline -0.008 -7"><span class='ocrx_word' id='word_1_53' title='bbox 232 538 347 574; x_wconf 78' lang='lat' dir='ltr'>Terrae</span> <span class='ocrx_word' id='word_1_54' title='bbox 367 538 512 581; x_wconf 83' lang='lat' dir='ltr'>Sanctae,</span> <span class='ocrx_word' id='word_1_55' title='bbox 555 549 590 572; x_wconf 86' lang='lat' dir='ltr'>ac</span> <span class='ocrx_word' id='word_1_56' title='bbox 618 536 869 572; x_wconf 77' lang='lat' dir='ltr'>reformationem</span> <span class='ocrx_word' id='word_1_57' title='bbox 904 536 975 569; x_wconf 90' lang='lat' dir='ltr'>uni-</span> 
     </span>
     <span class='ocr_line' id='line_1_16' title="bbox 232 585 973 623; baseline -0.007 0"><span class='ocrx_word' id='word_1_58' title='bbox 232 588 360 623; x_wconf 84' lang='lat' dir='ltr'>versalis</span> <span class='ocrx_word' id='word_1_59' title='bbox 399 587 561 622; x_wconf 79' lang='lat' dir='ltr'>Ecclesiae</span> <span class='ocrx_word' id='word_1_60' title='bbox 606 586 764 622; x_wconf 90' lang='lat' dir='ltr'>valeamus</span> <span class='ocrx_word' id='word_1_61' title='bbox 811 585 973 619; x_wconf 81' lang='lat' dir='ltr'>intendere</span> 
     </span>
     <span class='ocr_line' id='line_1_17' title="bbox 230 637 972 682; baseline -0.005 -9"><span class='ocrx_word' id='word_1_62' title='bbox 230 649 303 673; x_wconf 90' lang='lat' dir='ltr'>cum</span> <span class='ocrx_word' id='word_1_63' title='bbox 326 637 448 673; x_wconf 77' lang='lat' dir='ltr'>effectu.</span> <span class='ocrx_word' id='word_1_64' title='bbox 478 637 622 678; x_wconf 85' lang='lat' dir='ltr'>Quorum</span> <span class='ocrx_word' id='word_1_65' title='bbox 657 643 825 682; x_wconf 87' lang='lat' dir='ltr'>utrumque</span> <span class='ocrx_word' id='word_1_66' title='bbox 856 642 972 670; x_wconf 85' lang='lat' dir='ltr'>tantam</span> 
     </span>
     <span class='ocr_line' id='line_1_18' title="bbox 231 683 973 735; baseline -0.004 -13"><span class='ocrx_word' id='word_1_67' title='bbox 231 687 360 735; x_wconf 84' lang='lat' dir='ltr'>requirit</span> <span class='ocrx_word' id='word_1_68' title='bbox 382 686 571 734; x_wconf 81' lang='lat' dir='ltr'>provisionis</span> <span class='ocrx_word' id='word_1_69' title='bbox 590 685 781 728; x_wconf 74' lang='lat' dir='ltr'>instantiam,</span> <span class='ocrx_word' id='word_1_70' title='bbox 803 692 835 719; x_wconf 91' lang='lat' dir='ltr'>ut</span> <span class='ocrx_word' id='word_1_71' title='bbox 853 683 973 731; x_wconf 82' lang='lat' dir='ltr'>absque</span> 
     </span>
     <span class='ocr_line' id='line_1_19' title="bbox 229 733 970 783; baseline -0.005 -12"><span class='ocrx_word' id='word_1_72' title='bbox 229 737 313 783; x_wconf 83' lang='lat' dir='ltr'>gravi</span> <span class='ocrx_word' id='word_1_73' title='bbox 335 745 365 771; x_wconf 89' lang='lat' dir='ltr'>et</span> <span class='ocrx_word' id='word_1_74' title='bbox 385 735 494 783; x_wconf 85' lang='lat' dir='ltr'>grandi</span> <span class='ocrx_word' id='word_1_75' title='bbox 518 735 658 782; x_wconf 90' lang='lat' dir='ltr'>periculo</span> <span class='ocrx_word' id='word_1_76' title='bbox 678 734 756 769; x_wconf 90' lang='lat' dir='ltr'>ultra</span> <span class='ocrx_word' id='word_1_77' title='bbox 778 733 970 769; x_wconf 87' lang='lat' dir='ltr'>dissimulari</span> 
     </span>
     <span class='ocr_line' id='line_1_20' title="bbox 229 785 595 833; baseline -0.005 -12"><span class='ocrx_word' id='word_1_78' title='bbox 229 795 374 833; x_wconf 74' lang='lat' dir='ltr'>nequeat,</span> <span class='ocrx_word' id='word_1_79' title='bbox 397 786 443 820; x_wconf 89' lang='lat' dir='ltr'>vel</span> <span class='ocrx_word' id='word_1_80' title='bbox 465 785 595 820; x_wconf 78' lang='lat' dir='ltr'>differri.</span> 
     </span>
    </p>

    <p class='ocr_par' dir='ltr' id='par_1_7' title="bbox 226 833 972 1230">
     <span class='ocr_line' id='line_1_21' title="bbox 277 833 971 883; baseline -0.006 -12"><span class='ocrx_word' id='word_1_81' title='bbox 277 835 298 883; x_wconf 70' lang='lat' dir='ltr'>S</span> <span class='ocrx_word' id='word_1_82' title='bbox 318 837 352 870; x_wconf 79' lang='lat'>2.</span> <span class='ocrx_word' id='word_1_83' title='bbox 383 835 475 870; x_wconf 83' lang='lat' dir='ltr'>Unde</span> <span class='ocrx_word' id='word_1_84' title='bbox 497 834 744 882; x_wconf 82' lang='lat' dir='ltr'>supplicationes</span> <span class='ocrx_word' id='word_1_85' title='bbox 770 841 799 867; x_wconf 82' lang='lat' dir='ltr'>et</span> <span class='ocrx_word' id='word_1_86' title='bbox 821 833 971 880; x_wconf 78' lang='lat' dir='ltr'>lacrymas</span> 
     </span>
     <span class='ocr_line' id='line_1_22' title="bbox 229 882 972 923; baseline -0.005 -3"><span class='ocrx_word' id='word_1_87' title='bbox 229 883 423 920; x_wconf 77' lang='lat' dir='ltr'>effundimus</span> <span class='ocrx_word' id='word_1_88' title='bbox 444 897 548 920; x_wconf 90' lang='lat' dir='ltr'>coram</span> <span class='ocrx_word' id='word_1_89' title='bbox 576 884 656 923; x_wconf 87' lang='lat' dir='ltr'>Deo,</span> <span class='ocrx_word' id='word_1_90' title='bbox 684 882 842 918; x_wconf 89' lang='lat' dir='ltr'>humiliter</span> <span class='ocrx_word' id='word_1_91' title='bbox 879 883 972 917; x_wconf 85' lang='lat' dir='ltr'>obse—</span> 
     </span>
     <span class='ocr_line' id='line_1_23' title="bbox 228 931 971 982; baseline -0.003 -13"><span class='ocrx_word' id='word_1_92' title='bbox 228 943 362 979; x_wconf 88' lang='lat' dir='ltr'>crantes,</span> <span class='ocrx_word' id='word_1_93' title='bbox 383 943 538 982; x_wconf 89' lang='lat' dir='ltr'>quatenus</span> <span class='ocrx_word' id='word_1_94' title='bbox 564 945 658 981; x_wconf 89' lang='lat' dir='ltr'>super</span> <span class='ocrx_word' id='word_1_95' title='bbox 684 932 733 967; x_wconf 86' lang='lat' dir='ltr'>his</span> <span class='ocrx_word' id='word_1_96' title='bbox 754 944 845 967; x_wconf 92' lang='lat' dir='ltr'>suum</span> <span class='ocrx_word' id='word_1_97' title='bbox 880 931 971 967; x_wconf 87' lang='lat' dir='ltr'>nobis</span> 
     </span>
     <span class='ocr_line' id='line_1_24' title="bbox 228 982 970 1032; baseline -0.003 -14"><span class='ocrx_word' id='word_1_98' title='bbox 228 983 460 1032; x_wconf 79' lang='lat' dir='ltr'>beneplacitum</span> <span class='ocrx_word' id='word_1_99' title='bbox 502 983 661 1027; x_wconf 82' lang='lat' dir='ltr'>revelaret,</span> <span class='ocrx_word' id='word_1_100' title='bbox 699 982 864 1029; x_wconf 86' lang='lat' dir='ltr'>inspiraret</span> <span class='ocrx_word' id='word_1_101' title='bbox 895 982 970 1017; x_wconf 80' lang='lat' dir='ltr'>affe-</span> 
     </span>
     <span class='ocr_line' id='line_1_25' title="bbox 227 1031 970 1079; baseline -0.004 -11"><span class='ocrx_word' id='word_1_102' title='bbox 227 1040 325 1078; x_wconf 84' lang='lat' dir='ltr'>ctum,</span> <span class='ocrx_word' id='word_1_103' title='bbox 343 1033 530 1069; x_wconf 89' lang='lat' dir='ltr'>accenderet</span> <span class='ocrx_word' id='word_1_104' title='bbox 550 1031 743 1068; x_wconf 87' lang='lat' dir='ltr'>desiderium</span> <span class='ocrx_word' id='word_1_105' title='bbox 782 1041 812 1066; x_wconf 87' lang='lat' dir='ltr'>et</span> <span class='ocrx_word' id='word_1_106' title='bbox 853 1043 970 1079; x_wconf 89' lang='lat' dir='ltr'>propo—</span> 
     </span>
     <span class='ocr_line' id='line_1_26' title="bbox 226 1082 967 1128; baseline -0.004 -10"><span class='ocrx_word' id='word_1_107' title='bbox 226 1083 320 1118; x_wconf 83' lang='lat' dir='ltr'>situm</span> <span class='ocrx_word' id='word_1_108' title='bbox 342 1083 552 1126; x_wconf 80' lang='lat' dir='ltr'>confirmaret,</span> <span class='ocrx_word' id='word_1_109' title='bbox 574 1082 752 1118; x_wconf 81' lang='lat' dir='ltr'>facultatem</span> <span class='ocrx_word' id='word_1_110' title='bbox 786 1090 815 1116; x_wconf 91' lang='lat' dir='ltr'>et</span> <span class='ocrx_word' id='word_1_111' title='bbox 849 1093 967 1128; x_wconf 92' lang='lat' dir='ltr'>oppor-</span> 
     </span>
     <span class='ocr_line' id='line_1_27' title="bbox 226 1130 971 1180; baseline -0.003 -14"><span class='ocrx_word' id='word_1_112' title='bbox 226 1133 390 1168; x_wconf 78' lang='lat' dir='ltr'>tunitatem</span> <span class='ocrx_word' id='word_1_113' title='bbox 433 1132 632 1180; x_wconf 89' lang='lat' dir='ltr'>praestando,</span> <span class='ocrx_word' id='word_1_114' title='bbox 674 1131 711 1166; x_wconf 90' lang='lat' dir='ltr'>ad</span> <span class='ocrx_word' id='word_1_115' title='bbox 750 1143 784 1166; x_wconf 91' lang='lat' dir='ltr'>ea</span> <span class='ocrx_word' id='word_1_116' title='bbox 806 1130 971 1165; x_wconf 86' lang='lat' dir='ltr'>salubriter</span> 
     </span>
     <span class='ocr_line' id='line_1_28' title="bbox 226 1182 419 1230; baseline -0.005 -13"><span class='ocrx_word' id='word_1_117' title='bbox 226 1182 419 1230; x_wconf 81' lang='lat' dir='ltr'>exequenda.</span> 
     </span>
    </p>

    <p class='ocr_par' dir='ltr' id='par_1_8' title="bbox 223 1229 970 2071">
     <span class='ocr_line' id='line_1_29' title="bbox 275 1229 968 1279; baseline -0.006 -12"><span class='ocrx_word' id='word_1_118' title='bbox 275 1235 291 1276; x_wconf 63' lang='grc' dir='ltr'><strong>ἕ</strong></span> <span class='ocrx_word' id='word_1_119' title='bbox 310 1234 341 1266; x_wconf 79' lang='grc'>5.</span> <span class='ocrx_word' id='word_1_120' title='bbox 364 1231 565 1279; x_wconf 83' lang='lat' dir='ltr'>Quapropter</span> <span class='ocrx_word' id='word_1_121' title='bbox 584 1230 689 1266; x_wconf 87' lang='lat' dir='ltr'>habito</span> <span class='ocrx_word' id='word_1_122' title='bbox 711 1242 807 1277; x_wconf 86' lang='lat' dir='ltr'>super</span> <span class='ocrx_word' id='word_1_123' title='bbox 829 1229 877 1263; x_wconf 89' lang='lat' dir='ltr'>bis</span> <span class='ocrx_word' id='word_1_124' title='bbox 898 1241 968 1264; x_wconf 87' lang='lat' dir='ltr'>cum</span> 
     </span>
     <span class='ocr_line' id='line_1_30' title="bbox 226 1278 969 1326; baseline -0.005 -10"><span class='ocrx_word' id='word_1_125' title='bbox 226 1280 375 1316; x_wconf 86' lang='lat' dir='ltr'>fratribus</span> <span class='ocrx_word' id='word_1_126' title='bbox 397 1281 523 1321; x_wconf 89' lang='lat' dir='ltr'>nostris,</span> <span class='ocrx_word' id='word_1_127' title='bbox 546 1288 575 1315; x_wconf 87' lang='lat' dir='ltr'>et</span> <span class='ocrx_word' id='word_1_128' title='bbox 601 1280 671 1315; x_wconf 90' lang='lat' dir='ltr'>aliis</span> <span class='ocrx_word' id='word_1_129' title='bbox 716 1280 790 1315; x_wconf 91' lang='lat' dir='ltr'>viris</span> <span class='ocrx_word' id='word_1_130' title='bbox 825 1278 969 1326; x_wconf 88' lang='lat' dir='ltr'>pruden-</span> 
     </span>
     <span class='ocr_line' id='line_1_31' title="bbox 226 1329 970 1378; baseline -0.003 -14"><span class='ocrx_word' id='word_1_131' title='bbox 226 1330 324 1373; x_wconf 78' lang='lat' dir='ltr'>tibus,</span> <span class='ocrx_word' id='word_1_132' title='bbox 341 1330 495 1378; x_wconf 79' lang='lat' dir='ltr'>frequenti</span> <span class='ocrx_word' id='word_1_133' title='bbox 513 1338 541 1364; x_wconf 89' lang='lat' dir='ltr'>et</span> <span class='ocrx_word' id='word_1_134' title='bbox 564 1329 703 1376; x_wconf 81' lang='lat' dir='ltr'>diligenti</span> <span class='ocrx_word' id='word_1_135' title='bbox 723 1336 864 1372; x_wconf 90' lang='lat' dir='ltr'>tractatu,</span> <span class='ocrx_word' id='word_1_136' title='bbox 879 1335 970 1375; x_wconf 83' lang='lat' dir='ltr'>prout</span> 
     </span>
     <span class='ocr_line' id='line_1_32' title="bbox 227 1376 967 1425; baseline -0.004 -11"><span class='ocrx_word' id='word_1_137' title='bbox 227 1388 310 1416; x_wconf 84' lang='lat' dir='ltr'>tanta</span> <span class='ocrx_word' id='word_1_138' title='bbox 342 1379 520 1415; x_wconf 89' lang='lat' dir='ltr'>sollicitudo</span> <span class='ocrx_word' id='word_1_139' title='bbox 559 1379 715 1425; x_wconf 81' lang='lat' dir='ltr'>exigebat,</span> <span class='ocrx_word' id='word_1_140' title='bbox 751 1379 810 1413; x_wconf 88' lang='lat' dir='ltr'>boc</span> <span class='ocrx_word' id='word_1_141' title='bbox 844 1376 967 1412; x_wconf 91' lang='lat' dir='ltr'>tandem</span> 
     </span>
     <span class='ocr_line' id='line_1_33' title="bbox 225 1428 970 1476; baseline -0.005 -11"><span class='ocrx_word' id='word_1_142' title='bbox 225 1429 263 1465; x_wconf 84' lang='lat' dir='ltr'>ad</span> <span class='ocrx_word' id='word_1_143' title='bbox 286 1429 469 1476; x_wconf 85' lang='lat' dir='ltr'>exequenda</span> <span class='ocrx_word' id='word_1_144' title='bbox 493 1428 651 1476; x_wconf 87' lang='lat' dir='ltr'>praedicta</span> <span class='ocrx_word' id='word_1_145' title='bbox 673 1428 712 1463; x_wconf 89' lang='lat' dir='ltr'>de</span> <span class='ocrx_word' id='word_1_146' title='bbox 734 1428 874 1475; x_wconf 90' lang='lat' dir='ltr'>ipsorum</span> <span class='ocrx_word' id='word_1_147' title='bbox 897 1438 970 1461; x_wconf 91' lang='lat' dir='ltr'>con-</span> 
     </span>
     <span class='ocr_line' id='line_1_34' title="bbox 225 1476 968 1526; baseline -0.005 -12"><span class='ocrx_word' id='word_1_148' title='bbox 225 1479 296 1514; x_wconf 91' lang='lat' dir='ltr'>silio</span> <span class='ocrx_word' id='word_1_149' title='bbox 339 1478 533 1526; x_wconf 82' lang='lat' dir='ltr'>providimus</span> <span class='ocrx_word' id='word_1_150' title='bbox 583 1477 784 1518; x_wconf 73' lang='lat' dir='ltr'>faciendum;</span> <span class='ocrx_word' id='word_1_151' title='bbox 828 1484 860 1511; x_wconf 92' lang='lat' dir='ltr'>ut</span> <span class='ocrx_word' id='word_1_152' title='bbox 895 1476 968 1522; x_wconf 87' lang='lat' dir='ltr'>quia</span> 
     </span>
     <span class='ocr_line' id='line_1_35' title="bbox 225 1527 967 1563; baseline -0.004 0"><span class='ocrx_word' id='word_1_153' title='bbox 225 1529 302 1563; x_wconf 87' lang='lat' dir='ltr'>baec</span> <span class='ocrx_word' id='word_1_154' title='bbox 334 1528 550 1563; x_wconf 89' lang='lat' dir='ltr'>universorum</span> <span class='ocrx_word' id='word_1_155' title='bbox 591 1527 730 1563; x_wconf 89' lang='lat' dir='ltr'>fidelium</span> <span class='ocrx_word' id='word_1_156' title='bbox 766 1538 967 1562; x_wconf 88' lang='lat' dir='ltr'>communem</span> 
     </span>
     <span class='ocr_line' id='line_1_36' title="bbox 223 1575 969 1624; baseline -0.005 -11"><span class='ocrx_word' id='word_1_157' title='bbox 223 1586 338 1613; x_wconf 85' lang='lat' dir='ltr'>statum</span> <span class='ocrx_word' id='word_1_158' title='bbox 361 1578 544 1624; x_wconf 81' lang='lat' dir='ltr'>respiciunt,</span> <span class='ocrx_word' id='word_1_159' title='bbox 580 1577 748 1612; x_wconf 86' lang='lat' dir='ltr'>concilium</span> <span class='ocrx_word' id='word_1_160' title='bbox 786 1577 867 1611; x_wconf 81' lang='lat' dir='ltr'>iuxta</span> <span class='ocrx_word' id='word_1_161' title='bbox 903 1575 969 1622; x_wconf 91' lang='lat' dir='ltr'>pri-</span> 
     </span>
     <span class='ocr_line' id='line_1_37' title="bbox 224 1625 967 1663; baseline -0.005 0"><span class='ocrx_word' id='word_1_162' title='bbox 224 1639 308 1663; x_wconf 85' lang='lat' dir='ltr'>scam</span> <span class='ocrx_word' id='word_1_163' title='bbox 336 1627 596 1663; x_wconf 82' lang='lat' dir='ltr'>consuetudinem</span> <span class='ocrx_word' id='word_1_164' title='bbox 624 1626 811 1662; x_wconf 88' lang='lat' dir='ltr'>Sanctorum</span> <span class='ocrx_word' id='word_1_165' title='bbox 839 1625 967 1660; x_wconf 86' lang='lat' dir='ltr'>Patrum</span> 
     </span>
     <span class='ocr_line' id='line_1_38' title="bbox 224 1675 967 1724; baseline -0.005 -12"><span class='ocrx_word' id='word_1_166' title='bbox 224 1684 446 1718; x_wconf 75' lang='lat' dir='ltr'>convocemuS,</span> <span class='ocrx_word' id='word_1_167' title='bbox 474 1685 602 1724; x_wconf 88' lang='lat' dir='ltr'>propter</span> <span class='ocrx_word' id='word_1_168' title='bbox 638 1677 724 1711; x_wconf 89' lang='lat' dir='ltr'>lucra</span> <span class='ocrx_word' id='word_1_169' title='bbox 753 1676 854 1710; x_wconf 87' lang='lat' dir='ltr'>solum</span> <span class='ocrx_word' id='word_1_170' title='bbox 896 1675 967 1709; x_wconf 86' lang='lat' dir='ltr'>ani-</span> 
     </span>
     <span class='ocr_line' id='line_1_39' title="bbox 224 1724 966 1774; baseline -0.005 -12"><span class='ocrx_word' id='word_1_171' title='bbox 224 1739 347 1762; x_wconf 88' lang='lat' dir='ltr'>marum</span> <span class='ocrx_word' id='word_1_172' title='bbox 375 1734 552 1774; x_wconf 85' lang='lat' dir='ltr'>opportuno</span> <span class='ocrx_word' id='word_1_173' title='bbox 575 1734 716 1773; x_wconf 86' lang='lat' dir='ltr'>tempore</span> <span class='ocrx_word' id='word_1_174' title='bbox 732 1724 966 1760; x_wconf 86' lang='lat' dir='ltr'>celebrandum:</span> 
     </span>
     <span class='ocr_line' id='line_1_40' title="bbox 225 1774 968 1823; baseline -0.004 -12"><span class='ocrx_word' id='word_1_175' title='bbox 225 1776 256 1810; x_wconf 89' lang='lat' dir='ltr'>in</span> <span class='ocrx_word' id='word_1_176' title='bbox 277 1789 342 1823; x_wconf 90' lang='lat' dir='ltr'>quo</span> <span class='ocrx_word' id='word_1_177' title='bbox 368 1777 406 1810; x_wconf 88' lang='lat' dir='ltr'>ad</span> <span class='ocrx_word' id='word_1_178' title='bbox 433 1775 651 1822; x_wconf 86' lang='lat' dir='ltr'>estirpandum</span> <span class='ocrx_word' id='word_1_179' title='bbox 686 1775 771 1818; x_wconf 81' lang='lat' dir='ltr'>vitia,</span> <span class='ocrx_word' id='word_1_180' title='bbox 812 1782 842 1809; x_wconf 89' lang='lat' dir='ltr'>et</span> <span class='ocrx_word' id='word_1_181' title='bbox 878 1774 968 1821; x_wconf 89' lang='lat' dir='ltr'>plan-</span> 
     </span>
     <span class='ocr_line' id='line_1_41' title="bbox 225 1824 970 1870; baseline -0.004 -10"><span class='ocrx_word' id='word_1_182' title='bbox 225 1825 337 1860; x_wconf 83' lang='lat' dir='ltr'>tandas</span> <span class='ocrx_word' id='word_1_183' title='bbox 360 1826 500 1868; x_wconf 83' lang='lat' dir='ltr'>virtutes,</span> <span class='ocrx_word' id='word_1_184' title='bbox 521 1824 726 1870; x_wconf 78' lang='lat' dir='ltr'>corrigendos</span> <span class='ocrx_word' id='word_1_185' title='bbox 753 1835 911 1862; x_wconf 87' lang='lat' dir='ltr'>excessus,</span> <span class='ocrx_word' id='word_1_186' title='bbox 939 1831 970 1857; x_wconf 89' lang='lat' dir='ltr'>et</span> 
     </span>
     <span class='ocr_line' id='line_1_42' title="bbox 226 1872 968 1918; baseline -0.003 -9"><span class='ocrx_word' id='word_1_187' title='bbox 226 1874 443 1910; x_wconf 81' lang='lat' dir='ltr'>reformandos</span> <span class='ocrx_word' id='word_1_188' title='bbox 489 1887 604 1918; x_wconf 82' lang='lat' dir='ltr'>mores,</span> <span class='ocrx_word' id='word_1_189' title='bbox 646 1873 853 1908; x_wconf 88' lang='lat' dir='ltr'>eliminandas</span> <span class='ocrx_word' id='word_1_190' title='bbox 893 1872 968 1907; x_wconf 82' lang='lat' dir='ltr'>hae-</span> 
     </span>
     <span class='ocr_line' id='line_1_43' title="bbox 224 1922 969 1969; baseline -0.003 -10"><span class='ocrx_word' id='word_1_191' title='bbox 224 1936 322 1965; x_wconf 87' lang='lat' dir='ltr'>reses,</span> <span class='ocrx_word' id='word_1_192' title='bbox 356 1932 386 1958; x_wconf 88' lang='lat' dir='ltr'>et</span> <span class='ocrx_word' id='word_1_193' title='bbox 417 1923 623 1958; x_wconf 86' lang='lat' dir='ltr'>roborandam</span> <span class='ocrx_word' id='word_1_194' title='bbox 663 1923 769 1967; x_wconf 83' lang='lat' dir='ltr'>fidem,</span> <span class='ocrx_word' id='word_1_195' title='bbox 800 1922 969 1969; x_wconf 86' lang='lat' dir='ltr'>sopiendas</span> 
     </span>
     <span class='ocr_line' id='line_1_44' title="bbox 224 1972 970 2019; baseline -0.003 -11"><span class='ocrx_word' id='word_1_196' title='bbox 224 1973 411 2017; x_wconf 86' lang='lat' dir='ltr'>discordias,</span> <span class='ocrx_word' id='word_1_197' title='bbox 433 1982 462 2007; x_wconf 90' lang='lat' dir='ltr'>et</span> <span class='ocrx_word' id='word_1_198' title='bbox 484 1972 702 2008; x_wconf 85' lang='lat' dir='ltr'>stabiliendam</span> <span class='ocrx_word' id='word_1_199' title='bbox 727 1984 847 2019; x_wconf 88' lang='lat' dir='ltr'>pacem,</span> <span class='ocrx_word' id='word_1_200' title='bbox 874 1984 970 2007; x_wconf 92' lang='lat' dir='ltr'>com-</span> 
     </span>
     <span class='ocr_line' id='line_1_45' title="bbox 225 2021 970 2071; baseline -0.004 -13"><span class='ocrx_word' id='word_1_201' title='bbox 225 2023 407 2071; x_wconf 88' lang='lat' dir='ltr'>primendas</span> <span class='ocrx_word' id='word_1_202' title='bbox 440 2023 675 2070; x_wconf 88' lang='lat' dir='ltr'>oppressiones,</span> <span class='ocrx_word' id='word_1_203' title='bbox 716 2022 888 2056; x_wconf 88' lang='lat' dir='ltr'>libertatem</span> <span class='ocrx_word' id='word_1_204' title='bbox 923 2021 970 2056; x_wconf 85' lang='lat' dir='ltr'>fo-</span> 
     </span>
    </p>
   </div>
   <div class='ocr_carea' id='block_1_7' title="bbox 225 2076 976 2652">
    <p class='ocr_par' dir='ltr' id='par_1_9' title="bbox 225 2076 976 2652">
     <span class='ocr_line' id='line_1_46' title="bbox 226 2076 970 2123; baseline -0.004 -11"><span class='ocrx_word' id='word_1_205' title='bbox 226 2077 371 2116; x_wconf 85' lang='lat' dir='ltr'>vendam,</span> <span class='ocrx_word' id='word_1_206' title='bbox 413 2077 609 2112; x_wconf 88' lang='lat' dir='ltr'>inducendos</span> <span class='ocrx_word' id='word_1_207' title='bbox 651 2076 809 2123; x_wconf 88' lang='lat' dir='ltr'>principes</span> <span class='ocrx_word' id='word_1_208' title='bbox 844 2085 873 2110; x_wconf 92' lang='lat' dir='ltr'>et</span> <span class='ocrx_word' id='word_1_209' title='bbox 914 2088 970 2122; x_wconf 93' lang='lat' dir='ltr'>po-</span> 
     </span>
     <span class='ocr_line' id='line_1_47' title="bbox 225 2129 971 2179; baseline -0.003 -13"><span class='ocrx_word' id='word_1_210' title='bbox 225 2131 319 2179; x_wconf 89' lang='lat' dir='ltr'>pulos</span> <span class='ocrx_word' id='word_1_211' title='bbox 344 2131 534 2166; x_wconf 86' lang='lat' dir='ltr'>christianos</span> <span class='ocrx_word' id='word_1_212' title='bbox 555 2131 592 2165; x_wconf 89' lang='lat' dir='ltr'>ad</span> <span class='ocrx_word' id='word_1_213' title='bbox 615 2142 801 2165; x_wconf 86' lang='lat' dir='ltr'>succursum</span> <span class='ocrx_word' id='word_1_214' title='bbox 831 2138 861 2164; x_wconf 90' lang='lat' dir='ltr'>et</span> <span class='ocrx_word' id='word_1_215' title='bbox 894 2129 971 2164; x_wconf 84' lang='lat' dir='ltr'>sub-</span> 
     </span>
     <span class='ocr_line' id='line_1_48' title="bbox 225 2185 970 2226; baseline -0.003 -5"><span class='ocrx_word' id='word_1_216' title='bbox 225 2186 342 2222; x_wconf 85' lang='lat' dir='ltr'>sidium</span> <span class='ocrx_word' id='word_1_217' title='bbox 365 2185 499 2220; x_wconf 86' lang='lat' dir='ltr'>Sanctae</span> <span class='ocrx_word' id='word_1_218' title='bbox 521 2185 647 2222; x_wconf 75' lang='lat' dir='ltr'>Ten-ae,</span> <span class='ocrx_word' id='word_1_219' title='bbox 687 2194 749 2219; x_wconf 90' lang='lat' dir='ltr'>tam</span> <span class='ocrx_word' id='word_1_220' title='bbox 787 2197 804 2219; x_wconf 92' lang='lat' dir='ltr'>a</span> <span class='ocrx_word' id='word_1_221' title='bbox 838 2185 970 2226; x_wconf 86' lang='lat' dir='ltr'>clericis,</span> 
     </span>
     <span class='ocr_line' id='line_1_49' title="bbox 226 2237 971 2287; baseline -0.003 -13"><span class='ocrx_word' id='word_1_222' title='bbox 226 2252 319 2287; x_wconf 90' lang='lat' dir='ltr'>quam</span> <span class='ocrx_word' id='word_1_223' title='bbox 341 2253 358 2275; x_wconf 92' lang='lat' dir='ltr'>a</span> <span class='ocrx_word' id='word_1_224' title='bbox 382 2239 476 2274; x_wconf 67' lang='lat' dir='ltr'>‘laicis</span> <span class='ocrx_word' id='word_1_225' title='bbox 498 2237 758 2285; x_wconf 87' lang='lat' dir='ltr'>impendendum,</span> <span class='ocrx_word' id='word_1_226' title='bbox 784 2250 855 2272; x_wconf 89' lang='lat' dir='ltr'>cum</span> <span class='ocrx_word' id='word_1_227' title='bbox 893 2250 971 2272; x_wconf 88' lang='lat' dir='ltr'>eae-</span> 
     </span>
     <span class='ocr_line' id='line_1_50' title="bbox 229 2292 972 2341; baseline -0.001 -13"><span class='ocrx_word' id='word_1_228' title='bbox 229 2295 322 2334; x_wconf 88' lang='lat' dir='ltr'>teris,</span> <span class='ocrx_word' id='word_1_229' title='bbox 359 2305 440 2341; x_wconf 89' lang='lat' dir='ltr'>quae</span> <span class='ocrx_word' id='word_1_230' title='bbox 474 2292 660 2341; x_wconf 86' lang='lat' dir='ltr'>perlongum</span> <span class='ocrx_word' id='word_1_231' title='bbox 695 2300 777 2327; x_wconf 90' lang='lat' dir='ltr'>esset</span> <span class='ocrx_word' id='word_1_232' title='bbox 816 2304 871 2339; x_wconf 88' lang='lat' dir='ltr'>per</span> <span class='ocrx_word' id='word_1_233' title='bbox 905 2293 972 2327; x_wconf 87' lang='lat' dir='ltr'>sin-</span> 
     </span>
     <span class='ocr_line' id='line_1_51' title="bbox 228 2346 973 2394; baseline -0.004 -11"><span class='ocrx_word' id='word_1_234' title='bbox 228 2349 298 2394; x_wconf 83' lang='lat' dir='ltr'>gula</span> <span class='ocrx_word' id='word_1_235' title='bbox 321 2359 518 2387; x_wconf 88' lang='lat' dir='ltr'>enumerare,</span> <span class='ocrx_word' id='word_1_236' title='bbox 534 2346 664 2394; x_wconf 87' lang='lat' dir='ltr'>provide</span> <span class='ocrx_word' id='word_1_237' title='bbox 684 2355 859 2381; x_wconf 86' lang='lat' dir='ltr'>statuantur</span> <span class='ocrx_word' id='word_1_238' title='bbox 872 2347 973 2381; x_wconf 89' lang='lat' dir='ltr'>invio-</span> 
     </span>
     <span class='ocr_line' id='line_1_52' title="bbox 230 2398 973 2447; baseline -0.003 -11"><span class='ocrx_word' id='word_1_239' title='bbox 230 2398 364 2436; x_wconf 88' lang='lat' dir='ltr'>labiliter</span> <span class='ocrx_word' id='word_1_240' title='bbox 404 2401 597 2435; x_wconf 88' lang='lat' dir='ltr'>observanda</span> <span class='ocrx_word' id='word_1_241' title='bbox 635 2400 715 2434; x_wconf 84' lang='lat' dir='ltr'>circa</span> <span class='ocrx_word' id='word_1_242' title='bbox 749 2400 902 2447; x_wconf 89' lang='lat' dir='ltr'>praelatos</span> <span class='ocrx_word' id='word_1_243' title='bbox 943 2408 973 2434; x_wconf 85' lang='lat' dir='ltr'>et</span> 
     </span>
     <span class='ocr_line' id='line_1_53' title="bbox 229 2453 974 2501; baseline -0.003 -11"><span class='ocrx_word' id='word_1_244' title='bbox 229 2455 375 2497; x_wconf 81' lang='lat' dir='ltr'>subditos</span> <span class='ocrx_word' id='word_1_245' title='bbox 396 2454 568 2500; x_wconf 85' lang='lat' dir='ltr'>regulares,</span> <span class='ocrx_word' id='word_1_246' title='bbox 584 2465 801 2501; x_wconf 88' lang='lat' dir='ltr'>quaecumque</span> <span class='ocrx_word' id='word_1_247' title='bbox 817 2453 855 2488; x_wconf 89' lang='lat' dir='ltr'>de</span> <span class='ocrx_word' id='word_1_248' title='bbox 876 2454 974 2501; x_wconf 90' lang='lat' dir='ltr'>ipsius</span> 
     </span>
     <span class='ocr_line' id='line_1_54' title="bbox 230 2507 975 2556; baseline -0.001 -13"><span class='ocrx_word' id='word_1_249' title='bbox 230 2508 460 2556; x_wconf 81' lang='lat' dir='ltr'>approbatione</span> <span class='ocrx_word' id='word_1_250' title='bbox 487 2508 613 2544; x_wconf 89' lang='lat' dir='ltr'>concilii</span> <span class='ocrx_word' id='word_1_251' title='bbox 636 2509 698 2542; x_wconf 90' lang='lat' dir='ltr'>visa</span> <span class='ocrx_word' id='word_1_252' title='bbox 726 2507 841 2542; x_wconf 85' lang='lat' dir='ltr'>suerint</span> <span class='ocrx_word' id='word_1_253' title='bbox 879 2519 975 2555; x_wconf 87' lang='lat' dir='ltr'>expe-</span> 
     </span>
     <span class='ocr_line' id='line_1_55' title="bbox 231 2561 974 2610; baseline 0.001 -15"><span class='ocrx_word' id='word_1_254' title='bbox 231 2562 311 2606; x_wconf 75' lang='lat' dir='ltr'>dire,</span> <span class='ocrx_word' id='word_1_255' title='bbox 337 2563 375 2601; x_wconf 75' lang='lat' dir='ltr'>ad</span> <span class='ocrx_word' id='word_1_256' title='bbox 397 2562 523 2599; x_wconf 87' lang='lat' dir='ltr'>laudern</span> <span class='ocrx_word' id='word_1_257' title='bbox 541 2571 571 2597; x_wconf 90' lang='lat' dir='ltr'>et</span> <span class='ocrx_word' id='word_1_258' title='bbox 585 2562 717 2610; x_wconf 84' lang='lat' dir='ltr'>gloriam</span> <span class='ocrx_word' id='word_1_259' title='bbox 736 2561 874 2596; x_wconf 86' lang='lat' dir='ltr'>nominis</span> <span class='ocrx_word' id='word_1_260' title='bbox 895 2562 974 2603; x_wconf 86' lang='lat' dir='ltr'>cius,</span> 
     </span>
     <span class='ocr_line' id='line_1_56' title="bbox 234 2615 976 2652; baseline -0.004 -1"><span class='ocrx_word' id='word_1_261' title='bbox 234 2616 273 2652; x_wconf 89' lang='lat' dir='ltr'>ad</span> <span class='ocrx_word' id='word_1_262' title='bbox 301 2616 475 2652; x_wconf 84' lang='lat' dir='ltr'>remedium</span> <span class='ocrx_word' id='word_1_263' title='bbox 497 2625 527 2650; x_wconf 86' lang='lat' dir='ltr'>et</span> <span class='ocrx_word' id='word_1_264' title='bbox 550 2616 680 2651; x_wconf 88' lang='lat' dir='ltr'>salutem</span> <span class='ocrx_word' id='word_1_265' title='bbox 724 2615 895 2650; x_wconf 88' lang='lat' dir='ltr'>animarum</span> <span class='ocrx_word' id='word_1_266' title='bbox 928 2627 976 2649; x_wconf 87' lang='lat' dir='ltr'>ve·</span> 
     </span>
    </p>
   </div>
   <div class='ocr_carea' id='block_1_8' title="bbox 1641 221 1711 254">
    <p class='ocr_par' dir='ltr' id='par_1_10' title="bbox 1641 221 1711 254">
     <span class='ocr_line' id='line_1_57' title="bbox 1641 221 1711 254; baseline -0.029 0"><span class='ocrx_word' id='word_1_267' title='bbox 1641 221 1711 254; x_wconf 73' lang='lat'>279</span> 
     </span>
    </p>
   </div>
   <div class='ocr_carea' id='block_1_9' title="bbox 1017 285 1760 384">
    <p class='ocr_par' dir='ltr' id='par_1_11' title="bbox 1017 285 1760 384">
     <span class='ocr_line' id='line_1_58' title="bbox 1017 285 1760 334; baseline 0.001 -13"><span class='ocrx_word' id='word_1_268' title='bbox 1017 293 1164 331; x_wconf 88' lang='lat' dir='ltr'>strarum,</span> <span class='ocrx_word' id='word_1_269' title='bbox 1177 297 1212 321; x_wconf 89' lang='lat' dir='ltr'>ac</span> <span class='ocrx_word' id='word_1_270' title='bbox 1235 285 1407 333; x_wconf 78' lang='lat' dir='ltr'>protectum</span> <span class='ocrx_word' id='word_1_271' title='bbox 1443 294 1472 321; x_wconf 91' lang='lat' dir='ltr'>et</span> <span class='ocrx_word' id='word_1_272' title='bbox 1508 286 1673 329; x_wconf 80' lang='lat' dir='ltr'>utilitatem</span> <span class='ocrx_word' id='word_1_273' title='bbox 1702 298 1760 334; x_wconf 88' lang='lat' dir='ltr'>po-</span> 
     </span>
     <span class='ocr_line' id='line_1_59' title="bbox 1019 335 1279 384; baseline -0.008 -13"><span class='ocrx_word' id='word_1_274' title='bbox 1019 336 1080 384; x_wconf 91' lang='lat' dir='ltr'>puli</span> <span class='ocrx_word' id='word_1_275' title='bbox 1108 335 1279 371; x_wconf 82' lang='lat' dir='ltr'>christiani.</span> 
     </span>
    </p>
   </div>
   <div class='ocr_carea' id='block_1_10' title="bbox 1065 385 1953 445">
    <p class='ocr_par' dir='ltr' id='par_1_12' title="bbox 1065 385 1953 445">
     <span class='ocr_line' id='line_1_60' title="bbox 1065 385 1953 445; baseline -0.002 -25"><span class='ocrx_word' id='word_1_276' title='bbox 1065 385 1084 433; x_wconf 69' lang='lat' dir='ltr'>S</span> <span class='ocrx_word' id='word_1_277' title='bbox 1111 389 1143 420; x_wconf 82' lang='grc'>4,</span> <span class='ocrx_word' id='word_1_278' title='bbox 1171 385 1252 426; x_wconf 85' lang='lat' dir='ltr'>Quia</span> <span class='ocrx_word' id='word_1_279' title='bbox 1287 397 1356 420; x_wconf 88' lang='lat' dir='ltr'>vero</span> <span class='ocrx_word' id='word_1_280' title='bbox 1390 394 1459 419; x_wconf 87' lang='lat' dir='ltr'>ante</span> <span class='ocrx_word' id='word_1_281' title='bbox 1495 385 1655 426; x_wconf 82' lang='lat' dir='ltr'>biennium</span> <span class='ocrx_word' id='word_1_282' title='bbox 1689 385 1830 445; x_wconf 44' lang='lat' dir='ltr'>uni-‘2:13¹e</span> <span class='ocrx_word' id='word_1_283' title='bbox 1847 400 1953 444; x_wconf 39' lang='lat' dir='ltr'>,5532qu</span> 
     </span>
    </p>
   </div>
   <div class='ocr_carea' id='block_1_11' title="bbox 1017 434 1820 481">
    <p class='ocr_par' dir='ltr' id='par_1_13' title="bbox 1017 434 1820 481">
     <span class='ocr_line' id='line_1_61' title="bbox 1017 434 1820 481; baseline 0 -12"><span class='ocrx_word' id='word_1_284' title='bbox 1017 434 1134 469; x_wconf 86' lang='lat' dir='ltr'>versale</span> <span class='ocrx_word' id='word_1_285' title='bbox 1160 446 1222 469; x_wconf 93' lang='lat' dir='ltr'>non</span> <span class='ocrx_word' id='word_1_286' title='bbox 1251 442 1354 481; x_wconf 81' lang='lat' dir='ltr'>posset</span> <span class='ocrx_word' id='word_1_287' title='bbox 1384 435 1550 470; x_wconf 90' lang='lat' dir='ltr'>concilium</span> <span class='ocrx_word' id='word_1_288' title='bbox 1591 435 1757 474; x_wconf 76' lang='lat' dir='ltr'>commode</span> <span class='ocrx_word' id='word_1_289' title='bbox 1773 457 1820 475; x_wconf 31' lang='lat' dir='ltr'>uu,-</span> 
     </span>
    </p>
   </div>
   <div class='ocr_carea' id='block_1_12' title="bbox 1009 484 1810 2564">
    <p class='ocr_par' dir='ltr' id='par_1_14' title="bbox 1011 484 1756 928">
     <span class='ocr_line' id='line_1_62' title="bbox 1016 484 1756 532; baseline -0.001 -13"><span class='ocrx_word' id='word_1_290' title='bbox 1016 484 1177 525; x_wconf 87' lang='lat' dir='ltr'>celebrari,</span> <span class='ocrx_word' id='word_1_291' title='bbox 1199 484 1414 531; x_wconf 80' lang='lat' dir='ltr'>disposuimus</span> <span class='ocrx_word' id='word_1_292' title='bbox 1440 484 1562 519; x_wconf 86' lang='lat' dir='ltr'>interim</span> <span class='ocrx_word' id='word_1_293' title='bbox 1587 497 1642 532; x_wconf 88' lang='lat' dir='ltr'>per</span> <span class='ocrx_word' id='word_1_294' title='bbox 1673 485 1756 522; x_wconf 67' lang='lat' dir='ltr'>viros</span> 
     </span>
     <span class='ocr_line' id='line_1_63' title="bbox 1017 534 1756 581; baseline 0.003 -14"><span class='ocrx_word' id='word_1_295' title='bbox 1017 534 1188 580; x_wconf 88' lang='lat' dir='ltr'>prudentes</span> <span class='ocrx_word' id='word_1_296' title='bbox 1206 534 1236 568; x_wconf 92' lang='lat' dir='ltr'>in</span> <span class='ocrx_word' id='word_1_297' title='bbox 1264 534 1396 580; x_wconf 79' lang='lat' dir='ltr'>singulis</span> <span class='ocrx_word' id='word_1_298' title='bbox 1420 534 1591 580; x_wconf 85' lang='lat' dir='ltr'>provinciis</span> <span class='ocrx_word' id='word_1_299' title='bbox 1631 534 1756 581; x_wconf 85' lang='lat' dir='ltr'>plenius</span> 
     </span>
     <span class='ocr_line' id='line_1_64' title="bbox 1015 583 1755 630; baseline 0.001 -13"><span class='ocrx_word' id='word_1_300' title='bbox 1015 583 1188 630; x_wconf 84' lang='lat' dir='ltr'>explorare,</span> <span class='ocrx_word' id='word_1_301' title='bbox 1222 595 1302 630; x_wconf 87' lang='lat' dir='ltr'>quae</span> <span class='ocrx_word' id='word_1_302' title='bbox 1344 583 1533 630; x_wconf 85' lang='lat' dir='ltr'>apostolicae</span> <span class='ocrx_word' id='word_1_303' title='bbox 1567 584 1755 630; x_wconf 86' lang='lat' dir='ltr'>provisionis</span> 
     </span>
     <span class='ocr_line' id='line_1_65' title="bbox 1016 633 1755 680; baseline 0.003 -14"><span class='ocrx_word' id='word_1_304' title='bbox 1016 633 1119 668; x_wconf 89' lang='lat' dir='ltr'>limam</span> <span class='ocrx_word' id='word_1_305' title='bbox 1140 640 1340 680; x_wconf 84' lang='lat' dir='ltr'>exposcant,</span> <span class='ocrx_word' id='word_1_306' title='bbox 1373 641 1403 666; x_wconf 83' lang='lat' dir='ltr'>et</span> <span class='ocrx_word' id='word_1_307' title='bbox 1438 633 1636 679; x_wconf 83' lang='lat' dir='ltr'>praemittere</span> <span class='ocrx_word' id='word_1_308' title='bbox 1672 634 1755 671; x_wconf 77' lang='lat' dir='ltr'>viros</span> 
     </span>
     <span class='ocr_line' id='line_1_66' title="bbox 1015 682 1756 730; baseline 0.003 -14"><span class='ocrx_word' id='word_1_309' title='bbox 1015 682 1144 719; x_wconf 88' lang='lat' dir='ltr'>idoneos</span> <span class='ocrx_word' id='word_1_310' title='bbox 1165 683 1202 717; x_wconf 91' lang='lat' dir='ltr'>ad</span> <span class='ocrx_word' id='word_1_311' title='bbox 1221 682 1333 717; x_wconf 83' lang='lat' dir='ltr'>Terrae</span> <span class='ocrx_word' id='word_1_312' title='bbox 1360 682 1491 716; x_wconf 82' lang='lat' dir='ltr'>Sanctae</span> <span class='ocrx_word' id='word_1_313' title='bbox 1507 683 1666 729; x_wconf 84' lang='lat' dir='ltr'>negotium</span> <span class='ocrx_word' id='word_1_314' title='bbox 1679 696 1756 730; x_wconf 88' lang='lat' dir='ltr'>pro-</span> 
     </span>
     <span class='ocr_line' id='line_1_67' title="bbox 1013 732 1755 778; baseline 0.001 -11"><span class='ocrx_word' id='word_1_315' title='bbox 1013 732 1199 774; x_wconf 89' lang='lat' dir='ltr'>curandum,</span> <span class='ocrx_word' id='word_1_316' title='bbox 1213 740 1247 767; x_wconf 92' lang='lat' dir='ltr'>ut</span> <span class='ocrx_word' id='word_1_317' title='bbox 1267 732 1305 770; x_wconf 86' lang='lat' dir='ltr'>si,</span> <span class='ocrx_word' id='word_1_318' title='bbox 1329 732 1474 778; x_wconf 76' lang='lat' dir='ltr'>exigente</span> <span class='ocrx_word' id='word_1_319' title='bbox 1488 732 1684 773; x_wconf 83' lang='lat' dir='ltr'>necessitate,</span> <span class='ocrx_word' id='word_1_320' title='bbox 1703 746 1755 768; x_wconf 92' lang='lat' dir='ltr'>sa-</span> 
     </span>
     <span class='ocr_line' id='line_1_68' title="bbox 1013 781 1752 829; baseline 0.004 -13"><span class='ocrx_word' id='word_1_321' title='bbox 1013 794 1100 817; x_wconf 88' lang='lat' dir='ltr'>crum</span> <span class='ocrx_word' id='word_1_322' title='bbox 1128 782 1296 818; x_wconf 90' lang='lat' dir='ltr'>concilium</span> <span class='ocrx_word' id='word_1_323' title='bbox 1325 781 1554 828; x_wconf 77' lang='lat' dir='ltr'>approbaverit,</span> <span class='ocrx_word' id='word_1_324' title='bbox 1576 794 1634 816; x_wconf 86' lang='lat' dir='ltr'>nos</span> <span class='ocrx_word' id='word_1_325' title='bbox 1651 782 1752 829; x_wconf 92' lang='lat' dir='ltr'>ipsum</span> 
     </span>
     <span class='ocr_line' id='line_1_69' title="bbox 1013 831 1753 879; baseline 0.001 -13"><span class='ocrx_word' id='word_1_326' title='bbox 1013 832 1174 878; x_wconf 81' lang='lat' dir='ltr'>negotium</span> <span class='ocrx_word' id='word_1_327' title='bbox 1211 831 1416 879; x_wconf 88' lang='lat' dir='ltr'>personaliter</span> <span class='ocrx_word' id='word_1_328' title='bbox 1450 843 1650 867; x_wconf 84' lang='lat' dir='ltr'>assumamus</span> <span class='ocrx_word' id='word_1_329' title='bbox 1679 832 1753 867; x_wconf 83' lang='lat' dir='ltr'>effi-</span> 
     </span>
     <span class='ocr_line' id='line_1_70' title="bbox 1011 880 1404 928; baseline -0.003 -13"><span class='ocrx_word' id='word_1_330' title='bbox 1011 881 1117 916; x_wconf 88' lang='lat' dir='ltr'>cacius</span> <span class='ocrx_word' id='word_1_331' title='bbox 1144 880 1404 928; x_wconf 87' lang='lat' dir='ltr'>promovendum.</span> 
     </span>
    </p>

    <p class='ocr_par' dir='ltr' id='par_1_15' title="bbox 1009 929 1810 2255">
     <span class='ocr_line' id='line_1_71' title="bbox 1059 929 1754 978; baseline 0 -12"><span class='ocrx_word' id='word_1_332' title='bbox 1059 933 1079 978; x_wconf 60' lang='lat' dir='ltr'>S</span> <span class='ocrx_word' id='word_1_333' title='bbox 1101 933 1133 966; x_wconf 76' lang='lat'>5.</span> <span class='ocrx_word' id='word_1_334' title='bbox 1153 930 1327 966; x_wconf 89' lang='lat' dir='ltr'>Credentes</span> <span class='ocrx_word' id='word_1_335' title='bbox 1348 930 1443 976; x_wconf 82' lang='lat' dir='ltr'>igitur</span> <span class='ocrx_word' id='word_1_336' title='bbox 1457 929 1516 965; x_wconf 85' lang='lat' dir='ltr'>hoc</span> <span class='ocrx_word' id='word_1_337' title='bbox 1537 929 1671 966; x_wconf 87' lang='lat' dir='ltr'>salutare</span> <span class='ocrx_word' id='word_1_338' title='bbox 1687 945 1754 978; x_wconf 88' lang='lat' dir='ltr'>pro-</span> 
     </span>
     <span class='ocr_line' id='line_1_72' title="bbox 1012 975 1810 1028; baseline 0.003 -13"><span class='ocrx_word' id='word_1_339' title='bbox 1012 982 1147 1027; x_wconf 89' lang='lat' dir='ltr'>positum</span> <span class='ocrx_word' id='word_1_340' title='bbox 1185 980 1223 1016; x_wconf 88' lang='lat' dir='ltr'>ab</span> <span class='ocrx_word' id='word_1_341' title='bbox 1244 980 1299 1015; x_wconf 89' lang='lat' dir='ltr'>lllo</span> <span class='ocrx_word' id='word_1_342' title='bbox 1333 979 1537 1020; x_wconf 81' lang='lat' dir='ltr'>descendere,</span> <span class='ocrx_word' id='word_1_343' title='bbox 1564 992 1580 1013; x_wconf 91' lang='lat' dir='ltr'>a</span> <span class='ocrx_word' id='word_1_344' title='bbox 1607 992 1670 1028; x_wconf 92' lang='lat' dir='ltr'>quo</span> <span class='ocrx_word' id='word_1_345' title='bbox 1707 975 1810 1017; x_wconf 57' lang='lat' dir='ltr'>est*¹¹¹</span> 
     </span>
     <span class='ocr_line' id='line_1_73' title="bbox 1011 1029 1752 1077; baseline 0.001 -12"><span class='ocrx_word' id='word_1_346' title='bbox 1011 1042 1104 1065; x_wconf 91' lang='lat' dir='ltr'>omne</span> <span class='ocrx_word' id='word_1_347' title='bbox 1131 1030 1237 1065; x_wconf 91' lang='lat' dir='ltr'>datum</span> <span class='ocrx_word' id='word_1_348' title='bbox 1269 1030 1435 1077; x_wconf 86' lang='lat' dir='ltr'>optimum,</span> <span class='ocrx_word' id='word_1_349' title='bbox 1463 1037 1492 1064; x_wconf 88' lang='lat' dir='ltr'>et</span> <span class='ocrx_word' id='word_1_350' title='bbox 1519 1041 1613 1064; x_wconf 91' lang='lat' dir='ltr'>omne</span> <span class='ocrx_word' id='word_1_351' title='bbox 1634 1029 1752 1066; x_wconf 90' lang='lat' dir='ltr'>donum</span> 
     </span>
     <span class='ocr_line' id='line_1_74' title="bbox 1011 1079 1752 1126; baseline 0 -11"><span class='ocrx_word' id='word_1_352' title='bbox 1011 1080 1196 1126; x_wconf 77' lang='lat' dir='ltr'>perfectum,</span> <span class='ocrx_word' id='word_1_353' title='bbox 1224 1079 1415 1114; x_wconf 83' lang='lat' dir='ltr'>universitati</span> <span class='ocrx_word' id='word_1_354' title='bbox 1441 1087 1558 1114; x_wconf 81' lang='lat' dir='ltr'>vestrae</span> <span class='ocrx_word' id='word_1_355' title='bbox 1584 1091 1640 1126; x_wconf 90' lang='lat' dir='ltr'>per</span> <span class='ocrx_word' id='word_1_356' title='bbox 1668 1092 1752 1126; x_wconf 92' lang='lat' dir='ltr'>apo-</span> 
     </span>
     <span class='ocr_line' id='line_1_75' title="bbox 1011 1129 1753 1177; baseline 0.001 -13"><span class='ocrx_word' id='word_1_357' title='bbox 1011 1129 1116 1165; x_wconf 89' lang='lat' dir='ltr'>stolica</span> <span class='ocrx_word' id='word_1_358' title='bbox 1138 1130 1251 1176; x_wconf 86' lang='lat' dir='ltr'>scripta</span> <span class='ocrx_word' id='word_1_359' title='bbox 1267 1129 1487 1177; x_wconf 87' lang='lat' dir='ltr'>praecipimus,</span> <span class='ocrx_word' id='word_1_360' title='bbox 1502 1140 1566 1175; x_wconf 90' lang='lat' dir='ltr'>quo</span> <span class='ocrx_word' id='word_1_361' title='bbox 1581 1140 1635 1163; x_wconf 89' lang='lat' dir='ltr'>vos</span> <span class='ocrx_word' id='word_1_362' title='bbox 1652 1129 1753 1165; x_wconf 85' lang='lat' dir='ltr'>taliter</span> 
     </span>
     <span class='ocr_line' id='line_1_76' title="bbox 1011 1177 1753 1226; baseline 0.001 -13"><span class='ocrx_word' id='word_1_363' title='bbox 1011 1180 1212 1226; x_wconf 89' lang='lat' dir='ltr'>praeparetis,</span> <span class='ocrx_word' id='word_1_364' title='bbox 1227 1178 1311 1226; x_wconf 90' lang='lat' dir='ltr'>quod</span> <span class='ocrx_word' id='word_1_365' title='bbox 1325 1190 1342 1213; x_wconf 94' lang='lat' dir='ltr'>a</span> <span class='ocrx_word' id='word_1_366' title='bbox 1352 1178 1503 1224; x_wconf 88' lang='lat' dir='ltr'>praesenti</span> <span class='ocrx_word' id='word_1_367' title='bbox 1517 1177 1693 1214; x_wconf 90' lang='lat' dir='ltr'>dominicae</span> <span class='ocrx_word' id='word_1_368' title='bbox 1709 1180 1753 1214; x_wconf 94' lang='lat' dir='ltr'>in-</span> 
     </span>
     <span class='ocr_line' id='line_1_77' title="bbox 1010 1227 1752 1274; baseline 0.001 -11"><span class='ocrx_word' id='word_1_369' title='bbox 1010 1229 1198 1264; x_wconf 88' lang='lat' dir='ltr'>carnationis</span> <span class='ocrx_word' id='word_1_370' title='bbox 1214 1240 1320 1264; x_wconf 71' lang='lat' dir='ltr'>ncciu</span> <span class='ocrx_word' id='word_1_371' title='bbox 1336 1230 1380 1271; x_wconf 80' lang='lat' dir='ltr'>(t)</span> <span class='ocrx_word' id='word_1_372' title='bbox 1395 1239 1488 1270; x_wconf 91' lang='lat' dir='ltr'>anno,</span> <span class='ocrx_word' id='word_1_373' title='bbox 1507 1239 1607 1274; x_wconf 86' lang='lat' dir='ltr'>usque</span> <span class='ocrx_word' id='word_1_374' title='bbox 1622 1227 1659 1262; x_wconf 91' lang='lat' dir='ltr'>ad</span> <span class='ocrx_word' id='word_1_375' title='bbox 1672 1228 1752 1264; x_wconf 88' lang='lat' dir='ltr'>duos</span> 
     </span>
     <span class='ocr_line' id='line_1_78' title="bbox 1010 1276 1752 1325; baseline 0 -13"><span class='ocrx_word' id='word_1_376' title='bbox 1010 1289 1109 1313; x_wconf 90' lang='lat' dir='ltr'>annos</span> <span class='ocrx_word' id='word_1_377' title='bbox 1130 1286 1161 1313; x_wconf 89' lang='lat' dir='ltr'>et</span> <span class='ocrx_word' id='word_1_378' title='bbox 1187 1277 1369 1315; x_wconf 78' lang='lat' dir='ltr'>dimidium,</span> <span class='ocrx_word' id='word_1_379' title='bbox 1405 1276 1548 1323; x_wconf 81' lang='lat' dir='ltr'>praefixis</span> <span class='ocrx_word' id='word_1_380' title='bbox 1582 1276 1669 1311; x_wconf 88' lang='lat' dir='ltr'>vobis</span> <span class='ocrx_word' id='word_1_381' title='bbox 1697 1290 1752 1325; x_wconf 89' lang='lat' dir='ltr'>pro</span> 
     </span>
     <span class='ocr_line' id='line_1_79' title="bbox 1011 1325 1752 1374; baseline 0 -12"><span class='ocrx_word' id='word_1_382' title='bbox 1011 1328 1142 1362; x_wconf 91' lang='lat' dir='ltr'>termino</span> <span class='ocrx_word' id='word_1_383' title='bbox 1170 1327 1230 1362; x_wconf 86' lang='lat' dir='ltr'>kal.</span> <span class='ocrx_word' id='word_1_384' title='bbox 1254 1326 1444 1370; x_wconf 85' lang='lat' dir='ltr'>novembris,</span> <span class='ocrx_word' id='word_1_385' title='bbox 1466 1325 1503 1360; x_wconf 89' lang='lat' dir='ltr'>ad</span> <span class='ocrx_word' id='word_1_386' title='bbox 1523 1325 1637 1360; x_wconf 91' lang='lat' dir='ltr'>Sedem</span> <span class='ocrx_word' id='word_1_387' title='bbox 1664 1326 1752 1374; x_wconf 82' lang='lat' dir='ltr'>Apo-</span> 
     </span>
     <span class='ocr_line' id='line_1_80' title="bbox 1009 1374 1752 1412; baseline 0 -1"><span class='ocrx_word' id='word_1_388' title='bbox 1009 1377 1151 1412; x_wconf 89' lang='lat' dir='ltr'>stolicam</span> <span class='ocrx_word' id='word_1_389' title='bbox 1178 1376 1334 1412; x_wconf 87' lang='lat' dir='ltr'>accedatis</span> <span class='ocrx_word' id='word_1_390' title='bbox 1361 1388 1432 1410; x_wconf 91' lang='lat' dir='ltr'>cum</span> <span class='ocrx_word' id='word_1_391' title='bbox 1455 1374 1610 1410; x_wconf 88' lang='lat' dir='ltr'>modestia</span> <span class='ocrx_word' id='word_1_392' title='bbox 1631 1384 1661 1410; x_wconf 89' lang='lat' dir='ltr'>et</span> <span class='ocrx_word' id='word_1_393' title='bbox 1676 1388 1752 1411; x_wconf 87' lang='lat' dir='ltr'>cau-</span> 
     </span>
     <span class='ocr_line' id='line_1_81' title="bbox 1011 1425 1744 1474; baseline 0 -13"><span class='ocrx_word' id='word_1_394' title='bbox 1011 1426 1080 1467; x_wconf 80' lang='lat' dir='ltr'>tela,</span> <span class='ocrx_word' id='word_1_395' title='bbox 1103 1426 1144 1461; x_wconf 91' lang='lat' dir='ltr'>ita</span> <span class='ocrx_word' id='word_1_396' title='bbox 1166 1426 1250 1474; x_wconf 92' lang='lat' dir='ltr'>quod</span> <span class='ocrx_word' id='word_1_397' title='bbox 1273 1426 1303 1460; x_wconf 92' lang='lat' dir='ltr'>in</span> <span class='ocrx_word' id='word_1_398' title='bbox 1328 1434 1423 1460; x_wconf 85' lang='lat' dir='ltr'>vestra</span> <span class='ocrx_word' id='word_1_399' title='bbox 1452 1425 1622 1471; x_wconf 89' lang='lat' dir='ltr'>provincia,</span> <span class='ocrx_word' id='word_1_400' title='bbox 1649 1426 1674 1460; x_wconf 82' lang='lat' dir='ltr'>si</span> <span class='ocrx_word' id='word_1_401' title='bbox 1690 1438 1744 1461; x_wconf 88' lang='lat' dir='ltr'>ne-</span> 
     </span>
     <span class='ocr_line' id='line_1_82' title="bbox 1009 1474 1750 1523; baseline -0.001 -12"><span class='ocrx_word' id='word_1_402' title='bbox 1009 1476 1139 1511; x_wconf 86' lang='lat' dir='ltr'>cessitas</span> <span class='ocrx_word' id='word_1_403' title='bbox 1160 1475 1373 1523; x_wconf 86' lang='lat' dir='ltr'>postulaverit,</span> <span class='ocrx_word' id='word_1_404' title='bbox 1398 1474 1460 1509; x_wconf 87' lang='lat' dir='ltr'>duo</span> <span class='ocrx_word' id='word_1_405' title='bbox 1484 1474 1528 1509; x_wconf 91' lang='lat' dir='ltr'>vel</span> <span class='ocrx_word' id='word_1_406' title='bbox 1552 1482 1613 1509; x_wconf 89' lang='lat' dir='ltr'>tres</span> <span class='ocrx_word' id='word_1_407' title='bbox 1635 1474 1674 1509; x_wconf 88' lang='lat' dir='ltr'>de</span> <span class='ocrx_word' id='word_1_408' title='bbox 1688 1475 1750 1510; x_wconf 78' lang='lat' dir='ltr'>sul&#39;-</span> 
     </span>
     <span class='ocr_line' id='line_1_83' title="bbox 1010 1524 1750 1573; baseline 0 -13"><span class='ocrx_word' id='word_1_409' title='bbox 1010 1526 1165 1572; x_wconf 81' lang='lat' dir='ltr'>fraganeis</span> <span class='ocrx_word' id='word_1_410' title='bbox 1183 1525 1340 1573; x_wconf 89' lang='lat' dir='ltr'>episcopis</span> <span class='ocrx_word' id='word_1_411' title='bbox 1359 1524 1477 1559; x_wconf 82' lang='lat' dir='ltr'>valeant</span> <span class='ocrx_word' id='word_1_412' title='bbox 1505 1536 1677 1568; x_wconf 78' lang='lat' dir='ltr'>remanere,</span> <span class='ocrx_word' id='word_1_413' title='bbox 1696 1538 1750 1572; x_wconf 87' lang='lat' dir='ltr'>pro</span> 
     </span>
     <span class='ocr_line' id='line_1_84' title="bbox 1009 1574 1750 1620; baseline -0.001 -10"><span class='ocrx_word' id='word_1_414' title='bbox 1009 1575 1246 1610; x_wconf 86' lang='lat' dir='ltr'>christianitatis</span> <span class='ocrx_word' id='word_1_415' title='bbox 1267 1574 1450 1610; x_wconf 88' lang='lat' dir='ltr'>ministeriis</span> <span class='ocrx_word' id='word_1_416' title='bbox 1476 1574 1685 1620; x_wconf 78' lang='lat' dir='ltr'>exequendis,</span> <span class='ocrx_word' id='word_1_417' title='bbox 1720 1583 1750 1609; x_wconf 88' lang='lat' dir='ltr'>et</span> 
     </span>
     <span class='ocr_line' id='line_1_85' title="bbox 1009 1623 1752 1672; baseline -0.001 -13"><span class='ocrx_word' id='word_1_418' title='bbox 1009 1633 1069 1660; x_wconf 91' lang='lat' dir='ltr'>tam</span> <span class='ocrx_word' id='word_1_419' title='bbox 1093 1625 1149 1670; x_wconf 80' lang='lat' dir='ltr'>illi,</span> <span class='ocrx_word' id='word_1_420' title='bbox 1170 1638 1264 1672; x_wconf 90' lang='lat' dir='ltr'>quam</span> <span class='ocrx_word' id='word_1_421' title='bbox 1287 1624 1352 1665; x_wconf 83' lang='lat' dir='ltr'>alii,</span> <span class='ocrx_word' id='word_1_422' title='bbox 1375 1624 1427 1670; x_wconf 87' lang='lat' dir='ltr'>qui</span> <span class='ocrx_word' id='word_1_423' title='bbox 1453 1623 1602 1658; x_wconf 78' lang='lat' dir='ltr'>canonica</span> <span class='ocrx_word' id='word_1_424' title='bbox 1625 1636 1752 1670; x_wconf 88' lang='lat' dir='ltr'>praepe-</span> 
     </span>
     <span class='ocr_line' id='line_1_86' title="bbox 1009 1673 1751 1720; baseline -0.003 -11"><span class='ocrx_word' id='word_1_425' title='bbox 1009 1675 1128 1709; x_wconf 87' lang='lat' dir='ltr'>ditione</span> <span class='ocrx_word' id='word_1_426' title='bbox 1155 1674 1274 1709; x_wconf 89' lang='lat' dir='ltr'>detenti</span> <span class='ocrx_word' id='word_1_427' title='bbox 1297 1674 1401 1709; x_wconf 90' lang='lat' dir='ltr'>venire</span> <span class='ocrx_word' id='word_1_428' title='bbox 1424 1680 1596 1720; x_wconf 85' lang='lat' dir='ltr'>nequeunt,</span> <span class='ocrx_word' id='word_1_429' title='bbox 1621 1673 1751 1708; x_wconf 82' lang='lat' dir='ltr'>idoneos</span> 
     </span>
     <span class='ocr_line' id='line_1_87' title="bbox 1010 1722 1750 1771; baseline -0.004 -12"><span class='ocrx_word' id='word_1_430' title='bbox 1010 1736 1064 1771; x_wconf 89' lang='lat' dir='ltr'>pro</span> <span class='ocrx_word' id='word_1_431' title='bbox 1092 1736 1124 1759; x_wconf 90' lang='lat' dir='ltr'>se</span> <span class='ocrx_word' id='word_1_432' title='bbox 1140 1723 1277 1770; x_wconf 80' lang='lat' dir='ltr'>dirigant</span> <span class='ocrx_word' id='word_1_433' title='bbox 1299 1723 1504 1769; x_wconf 84' lang='lat' dir='ltr'>responsales.</span> <span class='ocrx_word' id='word_1_434' title='bbox 1527 1722 1750 1763; x_wconf 88' lang='lat' dir='ltr'>Personarum,</span> 
     </span>
     <span class='ocr_line' id='line_1_88' title="bbox 1009 1772 1750 1819; baseline -0.001 -11"><span class='ocrx_word' id='word_1_435' title='bbox 1009 1783 1039 1808; x_wconf 89' lang='lat' dir='ltr'>et</span> <span class='ocrx_word' id='word_1_436' title='bbox 1065 1774 1254 1809; x_wconf 87' lang='lat' dir='ltr'>evictionum</span> <span class='ocrx_word' id='word_1_437' title='bbox 1278 1772 1490 1808; x_wconf 84' lang='lat' dir='ltr'>mediocritate</span> <span class='ocrx_word' id='word_1_438' title='bbox 1511 1780 1641 1813; x_wconf 88' lang='lat' dir='ltr'>servata,</span> <span class='ocrx_word' id='word_1_439' title='bbox 1656 1785 1750 1819; x_wconf 90' lang='lat' dir='ltr'>quam</span> 
     </span>
     <span class='ocr_line' id='line_1_89' title="bbox 1010 1821 1752 1860; baseline -0.004 -2"><span class='ocrx_word' id='word_1_440' title='bbox 1010 1823 1218 1858; x_wconf 86' lang='lat' dir='ltr'>Lateranense</span> <span class='ocrx_word' id='word_1_441' title='bbox 1237 1822 1405 1858; x_wconf 88' lang='lat' dir='ltr'>concilium</span> <span class='ocrx_word' id='word_1_442' title='bbox 1427 1821 1581 1860; x_wconf 80' lang='lat' dir='ltr'>definivit,</span> <span class='ocrx_word' id='word_1_443' title='bbox 1596 1829 1628 1856; x_wconf 90' lang='lat' dir='ltr'>ut</span> <span class='ocrx_word' id='word_1_444' title='bbox 1647 1822 1752 1856; x_wconf 82' lang='lat' dir='ltr'>nullus</span> 
     </span>
     <span class='ocr_line' id='line_1_90' title="bbox 1009 1871 1751 1920; baseline -0.003 -13"><span class='ocrx_word' id='word_1_445' title='bbox 1009 1873 1139 1908; x_wconf 91' lang='lat' dir='ltr'>omniuo</span> <span class='ocrx_word' id='word_1_446' title='bbox 1167 1872 1285 1920; x_wconf 88' lang='lat' dir='ltr'>plures,</span> <span class='ocrx_word' id='word_1_447' title='bbox 1306 1881 1358 1907; x_wconf 87' lang='lat' dir='ltr'>aut</span> <span class='ocrx_word' id='word_1_448' title='bbox 1380 1872 1542 1918; x_wconf 83' lang='lat' dir='ltr'>pauciores</span> <span class='ocrx_word' id='word_1_449' title='bbox 1563 1883 1670 1905; x_wconf 88' lang='lat' dir='ltr'>secum</span> <span class='ocrx_word' id='word_1_450' title='bbox 1693 1871 1751 1906; x_wconf 90' lang='lat' dir='ltr'>ad-</span> 
     </span>
     <span class='ocr_line' id='line_1_91' title="bbox 1010 1920 1752 1969; baseline -0.004 -12"><span class='ocrx_word' id='word_1_451' title='bbox 1010 1923 1125 1957; x_wconf 89' lang='lat' dir='ltr'>ducere</span> <span class='ocrx_word' id='word_1_452' title='bbox 1148 1923 1254 1969; x_wconf 87' lang='lat' dir='ltr'>possit.</span> <span class='ocrx_word' id='word_1_453' title='bbox 1281 1921 1346 1956; x_wconf 87' lang='lat' dir='ltr'>Nec</span> <span class='ocrx_word' id='word_1_454' title='bbox 1373 1921 1539 1968; x_wconf 85' lang='lat' dir='ltr'>quisquam</span> <span class='ocrx_word' id='word_1_455' title='bbox 1568 1920 1658 1955; x_wconf 86' lang='lat' dir='ltr'>saciat</span> <span class='ocrx_word' id='word_1_456' title='bbox 1691 1933 1752 1955; x_wconf 88' lang='lat' dir='ltr'>su·-</span> 
     </span>
     <span class='ocr_line' id='line_1_92' title="bbox 1011 1971 1753 2019; baseline -0.001 -13"><span class='ocrx_word' id='word_1_457' title='bbox 1011 1972 1146 2019; x_wconf 87' lang='lat' dir='ltr'>perssuas</span> <span class='ocrx_word' id='word_1_458' title='bbox 1167 1981 1197 2007; x_wconf 89' lang='lat' dir='ltr'>et</span> <span class='ocrx_word' id='word_1_459' title='bbox 1211 1983 1390 2019; x_wconf 87' lang='lat' dir='ltr'>pomposas,</span> <span class='ocrx_word' id='word_1_460' title='bbox 1413 1972 1466 2005; x_wconf 85' lang='lat' dir='ltr'>sed</span> <span class='ocrx_word' id='word_1_461' title='bbox 1483 1971 1673 2005; x_wconf 82' lang='lat' dir='ltr'>necessarias</span> <span class='ocrx_word' id='word_1_462' title='bbox 1688 1979 1753 2005; x_wconf 86' lang='lat' dir='ltr'>tan·</span> 
     </span>
     <span class='ocr_line' id='line_1_93' title="bbox 1011 2020 1752 2067; baseline -0.003 -11"><span class='ocrx_word' id='word_1_463' title='bbox 1011 2031 1076 2056; x_wconf 88' lang='lat' dir='ltr'>tum</span> <span class='ocrx_word' id='word_1_464' title='bbox 1105 2031 1134 2056; x_wconf 88' lang='lat' dir='ltr'>et</span> <span class='ocrx_word' id='word_1_465' title='bbox 1162 2021 1338 2056; x_wconf 89' lang='lat' dir='ltr'>moderatas</span> <span class='ocrx_word' id='word_1_466' title='bbox 1363 2032 1528 2067; x_wconf 81' lang='lat' dir='ltr'>expensas,</span> <span class='ocrx_word' id='word_1_467' title='bbox 1555 2020 1752 2055; x_wconf 89' lang='lat' dir='ltr'>ostendendo</span> 
     </span>
     <span class='ocr_line' id='line_1_94' title="bbox 1010 2069 1752 2113; baseline -0.004 -7"><span class='ocrx_word' id='word_1_468' title='bbox 1010 2084 1043 2107; x_wconf 90' lang='lat' dir='ltr'>se</span> <span class='ocrx_word' id='word_1_469' title='bbox 1065 2080 1134 2106; x_wconf 89' lang='lat' dir='ltr'>actu</span> <span class='ocrx_word' id='word_1_470' title='bbox 1161 2079 1191 2106; x_wconf 88' lang='lat' dir='ltr'>et</span> <span class='ocrx_word' id='word_1_471' title='bbox 1206 2070 1314 2106; x_wconf 87' lang='lat' dir='ltr'>habitu</span> <span class='ocrx_word' id='word_1_472' title='bbox 1335 2082 1440 2104; x_wconf 92' lang='lat' dir='ltr'>verum</span> <span class='ocrx_word' id='word_1_473' title='bbox 1457 2069 1573 2104; x_wconf 83' lang='lat' dir='ltr'>Christi</span> <span class='ocrx_word' id='word_1_474' title='bbox 1587 2069 1752 2113; x_wconf 88' lang='lat' dir='ltr'>cultorem,</span> 
     </span>
     <span class='ocr_line' id='line_1_95' title="bbox 1011 2118 1752 2166; baseline -0.005 -10"><span class='ocrx_word' id='word_1_475' title='bbox 1011 2134 1082 2156; x_wconf 90' lang='lat' dir='ltr'>cum</span> <span class='ocrx_word' id='word_1_476' title='bbox 1105 2133 1167 2155; x_wconf 93' lang='lat' dir='ltr'>non</span> <span class='ocrx_word' id='word_1_477' title='bbox 1190 2120 1359 2155; x_wconf 84' lang='lat' dir='ltr'>saecularis</span> <span class='ocrx_word' id='word_1_478' title='bbox 1381 2118 1562 2166; x_wconf 87' lang='lat' dir='ltr'>applausus,</span> <span class='ocrx_word' id='word_1_479' title='bbox 1589 2119 1642 2153; x_wconf 86' lang='lat' dir='ltr'>sed</span> <span class='ocrx_word' id='word_1_480' title='bbox 1657 2118 1752 2165; x_wconf 92' lang='lat' dir='ltr'>spiri-</span> 
     </span>
     <span class='ocr_line' id='line_1_96' title="bbox 1012 2167 1753 2218; baseline -0.007 -12"><span class='ocrx_word' id='word_1_481' title='bbox 1012 2171 1103 2205; x_wconf 77' lang='lat' dir='ltr'>tualis</span> <span class='ocrx_word' id='word_1_482' title='bbox 1130 2170 1289 2218; x_wconf 83' lang='lat' dir='ltr'>profectus</span> <span class='ocrx_word' id='word_1_483' title='bbox 1311 2169 1340 2203; x_wconf 87' lang='lat' dir='ltr'>in</span> <span class='ocrx_word' id='word_1_484' title='bbox 1370 2169 1428 2203; x_wconf 81' lang='lat' dir='ltr'>boc</span> <span class='ocrx_word' id='word_1_485' title='bbox 1446 2168 1570 2214; x_wconf 80' lang='lat' dir='ltr'>negotio</span> <span class='ocrx_word' id='word_1_486' title='bbox 1592 2169 1630 2202; x_wconf 85' lang='lat' dir='ltr'>sit</span> <span class='ocrx_word' id='word_1_487' title='bbox 1653 2167 1753 2215; x_wconf 82' lang='lat' dir='ltr'>requi-</span> 
     </span>
     <span class='ocr_line' id='line_1_97' title="bbox 1012 2221 1136 2255; baseline -0.008 0"><span class='ocrx_word' id='word_1_488' title='bbox 1012 2221 1136 2255; x_wconf 91' lang='lat' dir='ltr'>rendus.</span> 
     </span>
    </p>

    <p class='ocr_par' dir='ltr' id='par_1_16' title="bbox 1013 2266 1755 2564">
     <span class='ocr_line' id='line_1_98' title="bbox 1060 2266 1753 2313; baseline -0.007 -9"><span class='ocrx_word' id='word_1_489' title='bbox 1060 2275 1075 2313; x_wconf 79' lang='lat'>§</span> <span class='ocrx_word' id='word_1_490' title='bbox 1097 2273 1130 2304; x_wconf 87' lang='grc'>6.</span> <span class='ocrx_word' id='word_1_491' title='bbox 1158 2268 1285 2303; x_wconf 89' lang='lat' dir='ltr'>Interim</span> <span class='ocrx_word' id='word_1_492' title='bbox 1309 2275 1411 2301; x_wconf 89' lang='lat' dir='ltr'>autem</span> <span class='ocrx_word' id='word_1_493' title='bbox 1437 2280 1490 2313; x_wconf 86' lang='lat' dir='ltr'>per</span> <span class='ocrx_word' id='word_1_494' title='bbox 1525 2279 1577 2301; x_wconf 91' lang='lat' dir='ltr'>vos</span> <span class='ocrx_word' id='word_1_495' title='bbox 1600 2266 1695 2312; x_wconf 92' lang='lat' dir='ltr'>ipsos,</span> <span class='ocrx_word' id='word_1_496' title='bbox 1723 2274 1753 2299; x_wconf 82' lang='lat' dir='ltr'>et</span> 
     </span>
     <span class='ocr_line' id='line_1_99' title="bbox 1014 2315 1753 2365; baseline -0.007 -11"><span class='ocrx_word' id='word_1_497' title='bbox 1014 2332 1068 2365; x_wconf 90' lang='lat' dir='ltr'>per</span> <span class='ocrx_word' id='word_1_498' title='bbox 1093 2318 1170 2353; x_wconf 91' lang='lat' dir='ltr'>alios</span> <span class='ocrx_word' id='word_1_499' title='bbox 1194 2318 1278 2352; x_wconf 88' lang='lat' dir='ltr'>viros</span> <span class='ocrx_word' id='word_1_500' title='bbox 1300 2316 1481 2363; x_wconf 85' lang='lat' dir='ltr'>prudentes,</span> <span class='ocrx_word' id='word_1_501' title='bbox 1508 2316 1648 2351; x_wconf 86' lang='lat' dir='ltr'>universa</span> <span class='ocrx_word' id='word_1_502' title='bbox 1670 2315 1753 2350; x_wconf 90' lang='lat' dir='ltr'>sub-</span> 
     </span>
     <span class='ocr_line' id='line_1_100' title="bbox 1014 2365 1754 2414; baseline -0.005 -11"><span class='ocrx_word' id='word_1_503' title='bbox 1014 2369 1108 2403; x_wconf 88' lang='lat' dir='ltr'>tiliter</span> <span class='ocrx_word' id='word_1_504' title='bbox 1123 2367 1299 2414; x_wconf 84' lang='lat' dir='ltr'>inquiratis,</span> <span class='ocrx_word' id='word_1_505' title='bbox 1316 2378 1394 2412; x_wconf 76' lang='lat' dir='ltr'>quae</span> <span class='ocrx_word' id='word_1_506' title='bbox 1416 2366 1520 2400; x_wconf 85' lang='lat' dir='ltr'>studio</span> <span class='ocrx_word' id='word_1_507' title='bbox 1547 2365 1754 2400; x_wconf 82' lang='lat' dir='ltr'>correctionis</span> 
     </span>
     <span class='ocr_line' id='line_1_101' title="bbox 1013 2414 1753 2461; baseline -0.007 -8"><span class='ocrx_word' id='word_1_508' title='bbox 1013 2426 1066 2453; x_wconf 90' lang='lat' dir='ltr'>aut</span> <span class='ocrx_word' id='word_1_509' title='bbox 1088 2416 1316 2452; x_wconf 83' lang='lat' dir='ltr'>reformationis</span> <span class='ocrx_word' id='word_1_510' title='bbox 1337 2415 1475 2461; x_wconf 72' lang='lat' dir='ltr'>indigere</span> <span class='ocrx_word' id='word_1_511' title='bbox 1491 2414 1645 2455; x_wconf 85' lang='lat' dir='ltr'>videntur,</span> <span class='ocrx_word' id='word_1_512' title='bbox 1673 2423 1702 2448; x_wconf 89' lang='lat' dir='ltr'>et</span> <span class='ocrx_word' id='word_1_513' title='bbox 1719 2427 1753 2448; x_wconf 89' lang='lat' dir='ltr'>ea</span> 
     </span>
     <span class='ocr_line' id='line_1_102' title="bbox 1015 2464 1754 2507; baseline -0.005 -5"><span class='ocrx_word' id='word_1_514' title='bbox 1015 2467 1147 2502; x_wconf 87' lang='lat' dir='ltr'>fideliter</span> <span class='ocrx_word' id='word_1_515' title='bbox 1171 2465 1416 2504; x_wconf 81' lang='lat' dir='ltr'>conscribentes,</span> <span class='ocrx_word' id='word_1_516' title='bbox 1443 2464 1480 2499; x_wconf 88' lang='lat' dir='ltr'>ad</span> <span class='ocrx_word' id='word_1_517' title='bbox 1517 2464 1595 2507; x_wconf 75' lang='lat' dir='ltr'>sacri</span> <span class='ocrx_word' id='word_1_518' title='bbox 1626 2464 1754 2500; x_wconf 81' lang='lat' dir='ltr'>,concilii</span> 
     </span>
     <span class='ocr_line' id='line_1_103' title="bbox 1016 2512 1755 2564; baseline -0.007 -12"><span class='ocrx_word' id='word_1_519' title='bbox 1016 2516 1141 2564; x_wconf 85' lang='lat' dir='ltr'>praefati</span> <span class='ocrx_word' id='word_1_520' title='bbox 1154 2527 1297 2557; x_wconf 84' lang='lat' dir='ltr'>examen,</span> <span class='ocrx_word' id='word_1_521' title='bbox 1309 2526 1380 2560; x_wconf 86' lang='lat' dir='ltr'>erga</span> <span class='ocrx_word' id='word_1_522' title='bbox 1392 2514 1630 2554; x_wconf 86' lang='lat' dir='ltr'>subventionem</span> <span class='ocrx_word' id='word_1_523' title='bbox 1640 2512 1755 2550; x_wconf 83' lang='lat' dir='ltr'>Terrae</span> 
     </span>
    </p>
   </div>
   <div class='ocr_carea' id='block_1_13' title="bbox 1016 2584 1757 2661">
    <p class='ocr_par' dir='ltr' id='par_1_17' title="bbox 1016 2584 1757 2661">
     <span class='ocr_line' id='line_1_104' title="bbox 1050 2584 1757 2622; baseline -0.006 -8"><span class='ocrx_word' id='word_1_524' title='bbox 1050 2588 1089 2622; x_wconf 81' lang='grc'>(1)</span> <span class='ocrx_word' id='word_1_525' title='bbox 1108 2587 1150 2614; x_wconf 82' lang='lat' dir='ltr'>Sic</span> <span class='ocrx_word' id='word_1_526' title='bbox 1167 2588 1191 2613; x_wconf 93' lang='lat' dir='ltr'>in</span> <span class='ocrx_word' id='word_1_527' title='bbox 1204 2585 1389 2620; x_wconf 76' lang='lat' dir='ltr'>Cocquelines:</span> <span class='ocrx_word' id='word_1_528' title='bbox 1408 2584 1545 2618; x_wconf 80' lang='lat' dir='ltr'>tegendum</span> <span class='ocrx_word' id='word_1_529' title='bbox 1561 2584 1637 2610; x_wconf 78' lang='lat' dir='ltr'>nobis</span> <span class='ocrx_word' id='word_1_530' title='bbox 1653 2584 1757 2613; x_wconf 75' lang='lat' dir='ltr'>videtur</span> 
     </span>
     <span class='ocr_line' id='line_1_105' title="bbox 1016 2627 1242 2661; baseline 0 -9"><span class='ocrx_word' id='word_1_531' title='bbox 1016 2634 1124 2653; x_wconf 69' lang='lat' dir='ltr'>›iccxur</span> <span class='ocrx_word' id='word_1_532' title='bbox 1145 2628 1180 2661; x_wconf 80' lang='lat' dir='ltr'>(n.</span> <span class='ocrx_word' id='word_1_533' title='bbox 1204 2627 1242 2660; x_wconf 84' lang='lat' dir='ltr'>T.)</span> 
     </span>
    </p>
   </div>
   <div class='ocr_carea' id='block_1_14' title="bbox 1777 231 1953 258">
    <p class='ocr_par' dir='ltr' id='par_1_18' title="bbox 1777 231 1953 258">
     <span class='ocr_line' id='line_1_106' title="bbox 1777 231 1953 258; baseline 0.006 -2"><span class='ocrx_word' id='word_1_534' title='bbox 1777 231 1826 257; x_wconf 38' lang='lat' dir='ltr'>An,</span> <span class='ocrx_word' id='word_1_535' title='bbox 1841 231 1869 258; x_wconf 85' lang='lat' dir='ltr'>C.</span> <span class='ocrx_word' id='word_1_536' title='bbox 1889 232 1953 258; x_wconf 66' lang='lat' dir='ltr'>stili</span> 
     </span>
    </p>
   </div>
   <div class='ocr_carea' id='block_1_15' title="bbox 1782 936 1949 958">
    <p class='ocr_par' dir='ltr' id='par_1_19' title="bbox 1782 936 1949 958">
     <span class='ocr_line' id='line_1_107' title="bbox 1782 936 1949 958; baseline 0.006 -2"><span class='ocrx_word' id='word_1_537' title='bbox 1782 936 1868 957; x_wconf 66' lang='lat' dir='ltr'>indictio</span> <span class='ocrx_word' id='word_1_538' title='bbox 1896 943 1949 958; x_wconf 72' lang='lat' dir='ltr'>cun-</span> 
     </span>
    </p>
   </div>
   <div class='ocr_carea' id='block_1_16' title="bbox 1766 2270 1948 2385">
    <p class='ocr_par' dir='ltr' id='par_1_20' title="bbox 1781 2270 1948 2292">
     <span class='ocr_line' id='line_1_108' title="bbox 1781 2270 1948 2292; baseline 0.006 -2"><span class='ocrx_word' id='word_1_539' title='bbox 1781 2270 1801 2291; x_wconf 85' lang='lat' dir='ltr'>ln</span> <span class='ocrx_word' id='word_1_540' title='bbox 1818 2277 1843 2292; x_wconf 74' lang='lat' dir='ltr'>eo</span> <span class='ocrx_word' id='word_1_541' title='bbox 1857 2274 1948 2292; x_wconf 63' lang='lat' dir='ltr'>tractan-</span> 
     </span>
    </p>

    <p class='ocr_par' dir='ltr' id='par_1_21' title="bbox 1766 2303 1948 2385">
     <span class='ocr_line' id='line_1_109' title="bbox 1767 2303 1948 2323; baseline 0.006 -2"><span class='ocrx_word' id='word_1_542' title='bbox 1767 2303 1812 2322; x_wconf 63' lang='lat' dir='ltr'>dam</span> <span class='ocrx_word' id='word_1_543' title='bbox 1844 2304 1869 2323; x_wconf 84' lang='lat' dir='ltr'>de</span> <span class='ocrx_word' id='word_1_544' title='bbox 1898 2304 1948 2322; x_wconf 78' lang='lat' dir='ltr'>sub-</span> 
     </span>
     <span class='ocr_line' id='line_1_110' title="bbox 1766 2332 1948 2353; baseline 0 0"><span class='ocrx_word' id='word_1_545' title='bbox 1766 2338 1866 2353; x_wconf 64' lang='lat' dir='ltr'>wntione</span> <span class='ocrx_word' id='word_1_546' title='bbox 1874 2332 1948 2353; x_wconf 68' lang='lat' dir='ltr'>Terrae</span> 
     </span>
     <span class='ocr_line' id='line_1_111' title="bbox 1766 2364 1863 2385; baseline 0.01 -1"><span class='ocrx_word' id='word_1_547' title='bbox 1766 2364 1777 2384; x_wconf 63' lang='lat' dir='ltr'>fi·</span> <span class='ocrx_word' id='word_1_548' title='bbox 1787 2369 1863 2385; x_wconf 61' lang='lat' dir='ltr'>int-tan.</span> 
     </span>
    </p>
   </div>
  </div>
 </body>
</html>
