2129 3223
153 242 205 269 An.
217 241 246 268 C.
269 242 336 270 ¹21⁵

401 231 472 264 504

353 296 588 346 proficientibus
609 294 641 330 in
663 294 724 330 hoc
750 305 858 341 opere,
886 293 917 328 in
936 293 1097 328 communi

352 345 537 382 universalis
551 343 692 393 synodus
703 344 847 379 omnium
870 342 1097 378 beneficiorum

351 409 480 432 suorum
520 395 703 441 suffragium
738 393 932 442 impartitur,
977 400 1009 427 ut
1052 392 1099 426 eis

351 447 444 492 digne
463 445 605 493 proficiat
626 444 663 479 ad
691 443 833 479 salutem.
862 443 974 478 Amen.

400 495 514 531 Datum
537 494 682 530 Laterani
709 494 918 530 decimonono
949 491 1098 527 kalendas

352 545 493 587 ianuarii,
516 543 718 592 pontificatus
739 544 836 579 nostri
863 555 945 578 anno
975 541 1098 576 decimo

350 603 458 630 octavo
485 596 578 638 (alias
604 598 725 637 octavo)
751 597 806 638 (1).

351 657 410 688 Dat.
429 657 476 687 die
492 658 529 687 «¹4
545 656 714 688 decembris
733 656 815 693 1215,
833 660 909 695 pont
927 663 1002 684 anno
1021 662 1096 683 xvui.

579 845 794 895 itoNotttth
829 845 871 893 ΙΙΙ

595 937 688 967 ΡΑΡΑ
711 937 850 967 CLXXVII

380 1009 473 1040 Anno
501 1017 590 1040 aerae
614 1005 728 1038 Christi
748 1016 855 1038 comm.
887 1004 1067 1037 MCCXVJ.

351 1080 542 1160 Honorius
573 1121 698 1161 tertius,
728 1120 825 1167 patria
848 1119 1030 1163 Romanus,
1062 1133 1096 1154 vx

349 1179 442 1216 gente
468 1169 610 1208 Sabella,
649 1179 739 1205 antea
767 1169 912 1213 Gentius,
935 1169 1098 1216 presbyter

349 1220 517 1255 cardinalis
538 1219 588 1254 Ss.
611 1219 738 1254 Ioannis
759 1228 789 1253 et
818 1219 917 1257 Pauli,
941 1219 986 1253 tit.
1010 1219 1100 1253 Pam-

350 1270 481 1314 machii,
503 1269 624 1305 electus
645 1278 691 1303 est
724 1268 863 1313 Perusii,
891 1268 942 1302 die
976 1273 1019 1303 18
1048 1269 1099 1303 iu-

351 1319 382 1353 lii
412 1321 520 1359 1216,
554 1327 585 1354 et
619 1328 823 1353 consecratus
855 1326 902 1352 est
928 1318 1044 1352 ibidem
1068 1319 1097 1353 in

350 1367 489 1403 Ecclesia
511 1368 545 1403 S.
574 1368 676 1412 Petri,
698 1368 748 1402 die
770 1368 927 1402 dominica
949 1370 994 1401 24
1018 1369 1100 1403 eius·

351 1418 435 1453 «lem.
457 1417 548 1453 Sedit
569 1418 599 1451 in
623 1417 806 1465 pontificatu
830 1429 930 1452 annos
951 1429 985 1456 x,
1008 1430 1099 1452 men-

351 1480 401 1501 ses
429 1479 489 1506 vn,
523 1467 592 1501 dies
624 1479 700 1501 xxiv
723 1468 780 1510 (25,
809 1466 1035 1513 imperantibus
1069 1468 1097 1501 in

352 1516 482 1551 Oriente
501 1516 654 1560 Henrico,
676 1516 782 1560 Petro,
805 1529 877 1551 mox
900 1515 1049 1555 Roberto,
1069 1518 1098 1551 in

352 1565 526 1601 Occidente
555 1578 627 1600 vero
649 1565 792 1606 Othone,
814 1578 850 1601 ac
879 1565 995 1600 deinde
1028 1565 1100 1600 Fri-

353 1615 459 1650 derico
481 1615 507 1650 ll
530 1615 786 1662 imperatoribus,
810 1615 889 1650 obiit
914 1615 1033 1650 Romae
1051 1615 1101 1649 die

355 1669 399 1699 18
422 1666 524 1700 martii
546 1677 629 1700 anno
653 1667 759 1708 «¹227,
781 1673 810 1698 et
833 1665 977 1712 sepultus
1003 1673 1049 1699 est
1071 1666 1100 1698 in

353 1714 483 1749 ecclesia
506 1714 639 1750 Sanctae
660 1714 775 1750 Mariae
793 1714 921 1748 Maioris
943 1727 1041 1762 prope
1057 1716 1102 1749 al—

354 1773 421 1799 tare
447 1764 622 1812 Praesepis.
645 1764 714 1799 Non
744 1765 859 1799 vacavit
882 1764 984 1799 sedes.

391 1836 431 1870 (l)
447 1836 513 1862 Cum
530 1837 556 1862 in
573 1835 706 1862 nonnuliis
722 1844 753 1861 ex
777 1834 944 1870 superallatis
961 1835 1104 1861 innocentii

355 1875 589 1902 constitutionibus
607 1883 658 1902 non
674 1877 813 1902 conveniat
832 1875 938 1902 indictio
958 1883 1018 1902 cum
1037 1883 1106 1902 anno

357 1914 536 1951 pontificatus,
553 1915 685 1942 afferenda
697 1915 788 1941 ultimo
800 1915 857 1941 loco
874 1915 998 1942 videntur
1010 1915 1106 1942 Baluzii

359 1955 439 1982 verba
451 1955 483 1982 de
493 1955 542 1982 hac
550 1963 588 1982 re.
598 1955 720 1982 Baluzius
730 1955 860 1989 siquidem
873 1956 898 1980 in
910 1955 1107 1990 praefatiuncu-

359 1996 392 2027 la,
407 2003 487 2030 quam
499 1995 606 2022 editioni
617 2004 681 2022 suae
693 1995 864 2030 epistolarum
876 1995 955 2021 huius
976 1995 1108 2022 Pontificis

358 2035 505 2070 praemisit,
522 2035 592 2062 unde
607 2036 744 2063 maiorem.
766 2035 955 2070 melioremque
970 2035 1106 2062 collectio-

360 2076 400 2101 nis
415 2080 521 2102 nostrae
537 2076 673 2102 hausimus
689 2078 802 2110 partem,
819 2074 882 2101 haec
899 2078 980 2101 notat:
999 2076 1110 2110 Insignis

360 2120 399 2141 est
421 2114 560 2143 difficultas
579 2116 604 2142 in
627 2116 693 2142 libro
709 2115 822 2146 decimo,
843 2123 923 2150 quam
943 2115 1109 2142 dissimulare

362 2163 414 2182 non
434 2155 502 2183 licet.
521 2155 628 2183 Certum
648 2162 687 2182 est
704 2157 773 2182 enim
796 2155 965 2182 indictionem
982 2156 1108 2182 decimam

361 2202 521 2223 concurrere
536 2205 597 2223 cum
622 2205 691 2223 auno
716 2197 818 2222 decimo
834 2195 1002 2230 pontificatus
1028 2196 1108 2222 inno-

362 2237 450 2263 centii.
468 2237 500 2263 Et
517 2241 604 2264 tamen
624 2238 649 2264 in
666 2237 732 2264 libro
753 2237 865 2268 decimo,
882 2237 986 2270 quoties
1005 2236 1111 2263 indictio

364 2277 470 2311 ponitur
496 2277 520 2303 in
537 2277 654 2312 epistolis
670 2285 739 2303 anno
756 2276 798 2303 illo
818 2276 895 2308 datis,
917 2276 993 2302 toties
1013 2284 1110 2303 occur-

365 2317 399 2342 rit
418 2323 495 2349 nona,
517 2325 596 2351 quam
616 2321 718 2344 constat
740 2317 868 2343 decimam
884 2320 939 2343 tum
963 2317 1109 2344 fuisse...,..

365 2357 492 2392 Adeoque
517 2357 636 2384 concludi
657 2358 735 2384 debet
761 2358 864 2391 signum
891 2357 954 2383 illud
981 2365 1031 2384 non
1056 2365 1113 2384 esse

366 2396 564 2432 suppositionis.
582 2397 654 2424 Idem
677 2397 842 2423 sentiendum
859 2405 921 2431 ergo
937 2398 987 2423 erit
1007 2397 1040 2423 de
1055 2397 1112 2423 lite-

367 2438 402 2462 ris
436 2437 477 2463 vel
495 2436 728 2464 constitutionibus
759 2437 876 2463 eiusdem
903 2438 1034 2464 Pontificis
1058 2437 1114 2463 aliis

367 2478 441 2504 annis
456 2477 534 2510 datis,
555 2477 706 2512 notatisque
732 2477 873 2504 indictione
897 2486 957 2504 cum
982 2478 1021 2504 liis
1040 2477 1115 2504 annis

369 2526 419 2544 non
435 2519 617 2545 conveniente.
631 2518 721 2552 Colligi
737 2517 866 2552 siquidem
882 2526 914 2544 ex
931 2525 1000 2545 anno
1011 2517 1115 2544 decimo

370 2561 455 2591 potest
471 2557 540 2584 hunc
560 2565 678 2584 errorem
696 2565 742 2592 per
757 2557 822 2583 alios
842 2565 948 2592 quoque
973 2565 1055 2584 annos
1072 2557 1114 2583 in-

371 2596 486 2624 valuisse
511 2598 578 2624 inter
603 2598 746 2632 scriptores
771 2596 937 2632 apostolicos.
977 2597 1015 2632 (2)
1032 2598 1051 2623 A
1074 2597 1115 2623 die

370 2637 585 2670 consecrationis,
602 2645 654 2664 non
671 2637 805 2663 electionis
820 2636 1021 2671 computandos.

944 237 1130 260 BULLARiUM
1154 236 1314 258 Romamn!

1510 291 1532 326 1.

1142 369 1340 414 Confirmatio
1372 369 1521 401 bonorum
1554 368 1707 409 omnium,
1734 379 1771 402 αι·
1793 369 1888 413 privi-

1187 419 1336 462 [θρίω-απτ
1349 419 1495 451 concessio
1508 419 1693 451 monasterio
1705 418 1884 452 Cassinensi.

1405 487 1620 517 SUMMARIUM

1137 549 1305 581 Exordium.
1336 566 1375 572 -—
1402 549 1609 579 Monasterium
1647 548 1799 579 Cassinen.
1831 550 1887 580 sub

1177 599 1270 634 apost.
1289 594 1395 634 recipit
1415 594 1596 633 protectione
1624 597 1653 623 et
1678 593 1756 623 iure:
1774 610 1813 616 —
1839 593 1888 624 Ei-

1177 649 1234 679 que
1251 639 1326 669 bona
1351 639 1448 668 omnia
1467 638 1630 668 confirmat.
1652 654 1691 660 —
1707 637 1887 669 cassinense

1177 688 1303 713 monast.
1320 683 1443 722 eiusque
1462 682 1582 713 abbates
1600 683 1724 713 caeteris
1740 692 1792 722 per
1805 683 1888 714 Occi-

1177 728 1292 757 dentem
1323 727 1460 766 praesert.
1490 743 1527 748 —
1550 726 1673 764 Annuit,
1702 727 1816 764 mitrae,
1837 732 1887 758 etc.

1178 782 1264 802 usum
1288 771 1445 801 abbatibus
1463 771 1607 802 concedit.
1625 788 1663 794 —-
1678 770 1888 802 Monasterium

1178 826 1193 845 a
1212 816 1344 856 quaiibet
1366 816 1570 846 ecclesiastica
1600 820 1739 855 potestate
1761 815 1886 846 liberum

1177 860 1317 890 declarat.
1335 877 1373 882 -
1390 859 1536 890 Nonnulla
1564 860 1621 891 alia
1639 860 1773 890 concedit
1795 860 1887 901 privi-

1178 904 1263 941 legia.
1285 921 1324 926 —
1341 904 1464 934 Palladii
1483 904 1589 934 cellam
1614 904 1644 934 in
1663 904 1736 934 urbe
1754 905 1890 935 concedit

1177 950 1212 979 ad
1228 949 1401 989 hospitium.
1416 949 1489 979 —A
1505 949 1657 979 nonnullis
1673 950 1774 979 eximit
1788 949 1886 980 datiis.

1176 1011 1216 1016 —
1240 994 1382 1024 Abbatem
1412 994 1447 1024 de
1470 994 1581 1032 gremio
1610 1004 1624 1024 a
1655 994 1808 1024 monachis
1830 994 1888 1024 eli-

1179 1039 1305 1076 gendum
1323 1039 1431 1069 statuit.
1449 1055 1489 1060 —
1505 1037 1680 1077 Sepulturae
1698 1038 1835 1068 concedit
1853 1038 1889 1068 li-

1178 1083 1332 1113 bertatem.
1349 1100 1387 1105 —
1411 1083 1449 1113 De
1468 1083 1554 1113 modo
1577 1083 1727 1113 deserendi
1748 1088 1888 1114 mortuos.

1177 1145 1215 1149 —
1232 1127 1337 1157 Contra
1356 1127 1500 1157 bonorum
1517 1131 1641 1157 monast.
1660 1127 1826 1158 detentores
1841 1138 1889 1159 ex-

1178 1173 1476 1202 communicationem
1509 1171 1587 1202 ferre
1609 1172 1752 1207 concedit,
1774 1177 1825 1202 etc.
1850 1190 1890 1196 -

1178 1217 1345 1246 Clausulae.
1367 1233 1406 1239 —
1428 1216 1549 1246 Honorii
1576 1215 1629 1245 ΡΡ.
1652 1215 1829 1256 subscriptio
1850 1234 1889 1240 —

1178 1260 1212 1331 {t
1226 1261 1366 1334 {igilium
1385 1277 1424 1283 -
1437 1260 1678 1299 Subscriptiones
1694 1260 1887 1291 cardinalium

1138 1368 1269 1396 Honorius
1288 1368 1428 1403 episcopus
1443 1374 1539 1396 servus
1559 1374 1699 1396 servorum
1717 1367 1772 1400 Dei.
1783 1368 1891 1398 dilectis

1183 1417 1248 1445 filiis
1267 1417 1399 1453 stephano
1419 1417 1511 1445 abbati
1530 1416 1691 1445 monasterii
1703 1417 1795 1446 saneti
1809 1417 1891 1447 Bone-

1183 1466 1251 1495 dicti
1271 1465 1447 1498 cassinensis
1469 1466 1578 1501 eiusque
1597 1465 1734 1494 fratribus
1743 1467 1803 1495 tam
1811 1474 1891 1503 prae-

1184 1516 1306 1544 sentibus
1330 1522 1411 1551 quam
1426 1514 1528 1543 suturis
1552 1515 1706 1550 regularem
1724 1515 1812 1544 vitam
1830 1523 1890 1552 pro·

1185 1564 1278 1598 fessis,
1298 1565 1326 1594 in
1343 1565 1516 1601 perpetuum.

1190 1628 1409 1676 Omnipotenti
1426 1628 1507 1673 Deo,
1529 1629 1621 1663 cuius
1643 1627 1755 1663 melior
1774 1636 1820 1664 est
1837 1629 1893 1664 mi-

1142 1678 1312 1716 sericordia
1336 1690 1432 1725 super
1454 1679 1542 1719 vitas,
1565 1678 1681 1724 gratias
1702 1678 1826 1725 agimus
1844 1691 1890 1714 co·

1144 1731 1261 1779 pinsas,
1280 1729 1429 1775 quoniam
1452 1728 1611 1775 gloriosus
1629 1728 1658 1762 in
1677 1728 1795 1763 sanctis
1813 1729 1891 1768 suis,

1144 1789 1238 1827 atque
1265 1778 1417 1812 mirabilis
1439 1786 1497 1820 est,
1520 1785 1550 1811 et
1570 1778 1704 1812 virtutes
1725 1790 1799 1813 suas
1821 1777 1893 1813 ubi-

1145 1840 1283 1876 cumque
1311 1828 1375 1862 vult
1411 1826 1559 1861 ineffabili
1592 1827 1729 1862 bonitate
1761 1827 1893 1863 demon-

1145 1888 1231 1914 strat.
1259 1877 1331 1925 Ipse
1353 1877 1470 1924 quippe
1505 1876 1696 1923 dignationis
1728 1889 1804 1913 suae
1838 1889 1894 1925 po·

1147 1928 1242 1963 tentia
1283 1927 1496 1961 beatissimum
1531 1926 1740 1961 Benedictum
1775 1935 1894 1974 patrem

1147 1977 1310 2014 constituit
1327 1976 1565 2016 monachorum,
1582 1976 1686 2023 ipsum
1705 1978 1896 2012 monasticae

1148 2028 1225 2074 legis
1252 2027 1380 2061 latorem
1412 2034 1442 2060 et
1468 2033 1664 2072 operatorem
1692 2037 1760 2061 esse
1787 2027 1896 2074 dispo-

1149 2090 1240 2116 nens,
1269 2085 1299 2110 ut
1323 2076 1433 2110 merito
1451 2074 1643 2111 Cassinense
1670 2076 1895 2111 monasterium

1150 2128 1179 2161 in
1202 2138 1277 2173 quo,
1300 2133 1328 2159 et
1352 2125 1551 2160 sanctissime
1573 2125 1650 2160 vixit
1670 2133 1700 2159 et
1727 2124 1896 2171 gloriosis-

1150 2177 1228 2210 sime
1250 2175 1337 2220 0biit,
1359 2174 1509 2210 omnibus
1532 2187 1586 2222 per
1607 2174 1811 2210 Occidentem
1828 2187 1897 2210 mo-

1152 2225 1296 2260 nasteriis
1329 2225 1489 2271 dignitatis
1525 2224 1688 2272 privilegio
1721 2225 1894 2260 antecellat.

1151 2275 1309 2318 Quoniam
1340 2275 1433 2320 igitur
1461 2274 1592 2321 dignum
1615 2283 1676 2314 est,
1706 2283 1738 2309 ut
1760 2282 1822 2309 tam
1844 2286 1897 2310 ce-

1152 2324 1237 2360 lebre
1260 2337 1296 2359 ac
1316 2325 1457 2359 solemne
1473 2324 1699 2359 monasterium
1714 2323 1897 2370 Apostolica

1902 239 1951 264 An.
1965 237 1995 264 C.
2014 236 2083 265 1216

1937 1644 2056 1665 Exordium.

1927 2290 1973 2311 Son
1977 2291 2076 2311 asterium

1910 2321 2038 2343 Ciissinense
2053 2320 2090 2340 snb

1911 2353 1984 2380 Aponi.
2017 2351 2094 2377 recipit

1152 2374 1251 2409 Sedes
1284 2374 1456 2422 specialius
1482 2373 1708 2421 amplectatur,
1736 2381 1898 2409 monaste·
1912 2384 2045 2412 proieciiene
2073 2385 2096 2403 ei

1153 2425 1235 2459 rium
1264 2424 1380 2471 ipsum,
1407 2423 1444 2459 ad
1472 2422 1631 2469 exemplar
1651 2421 1751 2457 felicis
1779 2435 1899 2458 inemo-

1154 2474 1217 2509 riae
1239 2472 1411 2509 Clementis
1438 2481 1468 2508 et
1490 2473 1662 2507 Innocentii
1682 2471 1898 2509 Romanorum

1156 2523 1344 2558 Pontificum
1355 2523 1633 2571 praedecessorum
1643 2531 1825 2558 nostrorum
1839 2523 1900 2558 sub

1155 2572 1236 2608 beati
1267 2573 1351 2608 Petri
1381 2581 1410 2608 et
1436 2579 1540 2608 nostra
1571 2572 1766 2618 protectione
1792 2573 1901 2608 susci-

1156 2622 1280 2670 pimus,
1314 2632 1345 2658 et
1380 2622 1553 2669 praesentis
1588 2621 1695 2669 scripti
1735 2622 1902 2669 privilegio

1742 2711 1776 2735 ‘t‘

1913 2417 1966 2436 iure.
