2129 3223
47 276 96 303 An.
112 275 141 302 C.
160 276 229 304 ¹265

59 1412 86 1434 De
125 1414 226 1440 gubernio

45 1445 219 1466 monasteriorum

45 1474 144 1497 defuneto
162 1475 228 1496 abba-

45 1508 74 1529 te,
89 1505 158 1526 donee
173 1505 227 1526 'dius

45 1535 134 1562 angatur
155 1535 226 1557 abbas.

874 278 1019 302 emmens
1040 276 1073 300 lV
1095 278 1142 301 1²1³.

243 331 456 367 detractorum
485 332 601 379 linguis
630 332 768 377 exposita
797 332 992 372 turbaretur,

242 380 297 416 sed
327 381 451 427 singula
477 381 508 415 in
531 380 642 415 eodem
664 382 774 416 ordine
808 381 932 425 lorum,
960 390 992 416 ut

243 429 473 477 praemittitur,
505 429 654 464 decenter
688 430 794 465 sortita
821 432 991 470 retineant;

241 479 349 526 sicque
384 486 490 514 conti-a
523 478 672 525 praedicti
700 479 825 514 Sisarae
853 480 992 525 impetus

241 526 419 569 dimicetur,
432 536 462 562 et
477 528 580 574 ipsum
600 527 731 571 facilius,
751 529 832 563 iuxta
849 528 991 564 Deboiae

241 576 416 617 canticum,
438 576 546 612 stellae
568 577 598 611 in
624 588 683 612 suo
708 588 802 612 cursu
825 586 855 612 et
881 578 991 613 ordine

242 633 405 660 manentes
419 634 611 673 expugnent,
631 626 797 673 principiis
814 627 992 672 putavimus

241 673 480 714 obsistendum,
513 682 652 709 exortam
683 675 712 708 in
737 676 847 709 eodeni
881 675 991 710 ordine

241 735 337 770 super
383 723 522 758 articulis
571 723 737 769 praedictis
784 724 991 759 dissensionis

241 772 420 817 materiam,
454 773 556 807 vitatis
585 772 758 819 litigiorum
783 772 991 817 anfractibus,

241 829 273 856 et
293 822 428 857 exclusis
454 821 676 856 advocatorum
700 822 909 861 tumultibus,
940 835 991 857 sa-

241 869 340 905 lubris
366 878 397 906 et
429 871 541 905 celei-is
567 871 764 917 subscriptae
801 871 991 918 provisionis

242 927 366 954 nostrae
387 918 576 966 compendio
599 919 795 962 decidentes,
825 931 909 954 nunc
931 932 990 955 an-

241 969 326 1016 tiqua
349 968 448 1016 ipsius
462 968 583 1003 ordinis
596 977 708 1003 statuta
722 969 991 1016 interpretationis

240 1017 376 1052 iuvando
401 1017 553 1057 remedio,
582 1029 665 1052 nunc
689 1018 797 1053 eadem
821 1019 990 1065 apostolica

239 1066 424 1102 auctoritate
438 1066 608 1111 firmando,
631 1078 714 1101 nunc
726 1068 818 1101 etiam
835 1067 988 1114 quaedam

240 1127 331 1159 nova,
357 1115 397 1150 de
424 1115 565 1150 unanimi
591 1127 750 1151 consensu
783 1115 990 1160 Cistercien.,

240 1171 271 1199 et
319 1172 454 1211 quatuor
501 1163 772 1211 infrascriptarum
814 1166 988 1211 primorum

240 1224 277 1248 ac
309 1213 440 1248 aliorum
470 1212 619 1248 abbatum
653 1222 684 1248 et
717 1215 989 1260 quamplurimum

240 1273 447 1309 personarum
471 1262 572 1309 ipsius
593 1262 714 1297 ordinis
732 1263 762 1297 in
779 1271 884 1297 nostra
905 1275 990 1298 con-

239 1312 419 1346 stitutarum
448 1311 634 1357 praesentia,
666 1311 842 1346 statuendo.

288 1363 304 1404 ἓ
326 1364 359 1394 5.
381 1359 470 1394 Licet
492 1361 588 1406 igitur
608 1361 806 1395 contineatur
827 1360 856 1394 in
876 1360 988 1394 Charta

243 1408 417 1455 praedicta,
445 1410 528 1456 quod
557 1410 581 1443 si
615 1421 676 1456 qua
703 1408 815 1443 domus
847 1409 989 1444 eiusdem

241 1457 362 1492 ordinis
389 1456 500 1492 abbate
523 1459 682 1505 proposito
704 1457 797 1492 fuerit
821 1457 989 1502 destituta,

242 1507 340 1542 maior
359 1505 474 1547 abbas,
507 1507 546 1542 de
568 1508 658 1541 cuius
679 1506 774 1541 domo
796 1506 911 1541 domus
940 1508 988 1541 illa

240 1556 354 1597 exivit,
387 1556 593 1590 ordinationis
627 1556 696 1590 eius
723 1555 834 1590 habeat
861 1567 988 1590 omnem

239 1617 360 1646 curam,
387 1603 489 1639 donec
512 1606 542 1639 in
565 1617 599 1639 ea
622 1604 718 1640 abbas
745 1604 825 1639 alius
840 1604 987 1651 eligatur:

239 1654 347 1689 domui
368 1661 474 1689 autem
503 1653 706 1694 Cistercien.,
728 1654 800 1701 quia
829 1662 927 1688 mater
943 1662 990 1688 est

239 1702 399 1742 omnium,
426 1702 502 1737 dum
540 1704 666 1750 proprio
697 1703 808 1738 abbate
835 1703 988 1740 caruerit,

239 1759 374 1799 quatuor
397 1752 486 1798 primi
503 1751 643 1792 abbates,
668 1752 786 1786 scilicet
806 1752 845 1785 de
870 1751 989 1786 Firmi-

241 1809 321 1841 tate,
342 1800 381 1836 de
408 1801 632 1847 pontigniaco,
660 1800 699 1835 de
717 1800 890 1835 Claravalle
905 1809 935 1835 et
949 1800 988 1835 de

239 1849 453 1892 Morimundo,
480 1850 673 1895 provideant,
695 1858 726 1884 et
747 1861 843 1896 super
868 1861 923 1884 eos
948 1850 989 1884 sit

240 1910 315 1934 cura
341 1898 454 1933 doinus
486 1898 585 1942 illius,
617 1898 719 1933 donec
751 1898 871 1933 electus
892 1898 989 1933 abbas

240 1948 270 1983 in
305 1959 340 1982 ea
372 1947 465 1982 suerit
491 1956 521 1982 et
547 1956 698 1982 statutus:
727 1948 786 1982 boc
818 1956 922 1982 tamen
950 1959 988 1982 ex

240 2009 300 2031 usu
331 2005 362 2031 et
394 1996 626 2032 consuetudine
647 1996 720 2031 dicti
747 1995 867 2031 ordinis
888 2008 988 2042 gene-

241 2045 296 2080 rali
324 2045 370 2080 sic
392 2045 662 2092 interpretandum
685 2046 851 2089 duximus,
880 2053 912 2079 ut
934 2047 988 2079 vi-

241 2094 356 2130 delicet
368 2094 638 2130 administratione
654 2095 790 2128 vacantis
805 2095 986 2129 monasterii

240 2150 422 2178 remanente
443 2154 541 2190 penes
571 2151 759 2178 conventum
787 2143 942 2187 eiusdem,
961 2145 985 2178 si

240 2204 300 2239 qua
327 2192 431 2227 forsan
457 2192 641 2227 emerserint
675 2191 831 2233 difficilia,
858 2203 988 2240 propter

239 2253 320 2289 quae
351 2242 396 2276 vel
436 2240 621 2278 Cistercien.
656 2241 693 2275 ad
733 2240 833 2275 dictos
868 2242 987 2288 primos

241 2387 387 2430 rendum,
420 2387 548 2422 abbates
574 2387 631 2433 ipsi
664 2398 770 2421 curam
793 2395 823 2422 et
850 2387 986 2433 diligen-

242 2436 314 2471 tiam
334 2435 468 2471 habeant
486 2436 515 2470 in
539 2435 670 2470 consilio
691 2443 720 2470 et
737 2436 854 2470 auxilio
876 2445 986 2482 postu-

240 2484 398 2527 lantibus,
426 2492 517 2531 prout
542 2495 651 2518 eorum
674 2485 847 2531 requireret
874 2495 1007 2520 neces—¹

241 2535 327 2575 sitas,
361 2532 595 2581 impendendis.
621 2532 662 2568 Et
690 2532 760 2568 licet
786 2533 1007 2568 administra-¹
1151 2577 1156 2582 ⁵
1236 2578 1241 2582 ι

1006 2596 1008 2610 2
1028 2578 1081 2611 riis
1097 2577 1316 2611 inviolabiliter
1333 2577 1548 2613 observentur.
1572 2579 1660 2615 Licet
1687 2580 1772 2615 enim

242 2581 357 2618 tionem
380 2595 477 2630 penes
502 2581 697 2628 singulorum
726 2582 985 2617 monasteriorum

1665 270 1727 302 73i

1033 344 1152 368 morem
1175 342 1333 368 servatum
1356 333 1508 368 tiacienns
1531 345 1706 377 remanere,
1734 335 1783 368 si-

1032 382 1141 428 gillum
1180 390 1285 417 tamen
1314 383 1474 428 praedicto
1507 383 1696 418 monasterio
1723 382 1784 417 Ci-

1032 431 1192 471 stercien.,
1215 443 1252 465 eo
1275 441 1414 471 vacante,
1439 432 1523 478 prior
1553 433 1651 479 ipsius
1674 440 1783 467 custo-

1032 480 1094 514 diat
1108 481 1327 527 consignatum
1350 489 1378 515 et
1401 481 1554 520 clausum,
1573 482 1653 515 sicut
1674 480 1784 516 hat-te·

1033 541 1091 563 nus
1120 529 1185 563 fieri
1212 531 1386 564 cousuevit.
1416 529 1449 564 ln
1477 530 1548 565 aliis
1570 542 1642 565 vero
1669 542 1784 565 mona-

1031 578 1134 613 steriis
1162 578 1342 612 vacantibus
1377 579 1479 625 sigilla
1512 591 1622 614 eorum
1654 579 1783 614 abbates

1032 626 1143 672 sigillis
1177 627 1309 662 aliorum
1335 627 1483 662 abbatum
1506 629 1626 675 signata
1655 636 1783 663 teneant

1032 684 1062 710 et
1089 676 1218 710 inclusa.

1082 728 1097 768 g
1124 728 1155 759 4.
1185 724 1218 759 ln
1241 724 1357 760 Charta
1372 726 1465 760 etiam
1490 725 1672 760 huiusmodi
1697 737 1780 761 con-

1032 773 1159 812 tinetur,
1186 774 1271 821 qnod
1294 775 1387 808 domo
1409 776 1550 822 qualibet
1571 776 1713 809 eiusdem
1736 787 1782 809 or-

1031 822 1115 856 dinis
1141 822 1250 857 abbate
1273 824 1415 870 proprio,
1439 832 1471 858 ut
1497 824 1698 870 praedicitur,
1724 824 1781 859 de-

1032 872 1157 914 stituta,
1184 873 1345 906 electionis
1379 873 1429 906 die
1459 874 1594 920 praelixa
1628 874 1720 907 etiam
1744 886 1780 908 ex

1032 919 1208 960 abbatibus,
1244 921 1269 955 si
1297 933 1377 968 quos
1409 921 1524 956 domus
1547 922 1597 957 illa
1619 923 1780 969 genuerit,

1031 970 1234 1011 advocentur,
1248 978 1278 1005 et
1291 971 1423 1005 consilio
1437 983 1473 1005 ac
1489 970 1646 1006 voluntate
1664 971 1783 1007 abbatis

1032 1018 1175 1053 abbatem
1204 1019 1321 1065 eligant
1348 1020 1475 1054 abbates
1496 1028 1526 1054 et
1554 1020 1698 1055 monachi
1728 1020 1784 1055 do-

1023 1079 1103 1101 ,mus
1130 1068 1225 1102 illius.
1247 1069 1295 1103 Ad
1322 1069 1511 1104 electionem
1538 1078 1643 1104 autem
1663 1069 1782 1104 Cister-

1031 1116 1112 1150 cien.
1139 1117 1262 1152 abbatis
1294 1117 1428 1165 praefixa
1459 1126 1489 1152 et
1517 1126 1694 1164 praenotata
1716 1119 1781 1153 die

1031 1165 1069 1198 ad
1094 1165 1199 1200 minus
1226 1177 1281 1213 per
1307 1167 1489 1212 quindecim
1511 1168 1590 1210 dies,
1618 1179 1655 1202 ex
1683 1167 1782 1202 abba-

1033 1214 1115 1248 tibus
1142 1226 1276 1261 quorum
1304 1215 1418 1250 doinus
1444 1215 1482 1250 de
1509 1215 1665 1250 Cistercio
1693 1217 1780 1250 exie—

1033 1270 1117 1306 runt,
1145 1272 1174 1297 et
1196 1275 1233 1298 ex
1251 1264 1321 1299 aliis
1349 1276 1430 1311 quos
1455 1266 1600 1299 noverint
1628 1265 1778 1311 praedicti

1031 1311 1159 1346 abbates
1191 1320 1221 1347 et
1260 1312 1370 1347 fratres
1407 1312 1597 1348 Cistercien.
1630 1313 1778 1353 idoneos,

1031 1369 1254 1400 convocentur.
1295 1361 1333 1396 Et
1367 1363 1548 1408 congregati
1585 1363 1616 1396 in
1650 1364 1778 1397 nomine

1034 1409 1158 1443 Domini
1186 1410 1315 1444 abbates
1348 1420 1378 1444 et
1414 1411 1558 1446 inonaclii
1590 1411 1775 1446 Cistercien.

1030 1457 1174 1492 abbatem
1203 1459 1329 1504 eligant.
1358 1459 1461 1506 Super
1488 1472 1550 1506 quo
1578 1461 1779 1495 contentione

1030 1516 1109 1551 orta,
1142 1507 1226 1553 quod
1256 1508 1284 1542 id
1313 1520 1375 1542 non
1402 1509 1584 1544 servabatur
1617 1509 1701 1545 iuxta
1735 1509 1779 1556 ip-

1030 1556 1096 1590 sius
1121 1554 1256 1591 Chartae
1297 1565 1455 1598 tenorem3
1492 1570 1549 1593 nos
1582 1559 1779 1594 attendentes

1030 1604 1115 1650 quod
1155 1606 1298 1652 quamvis
1329 1606 1367 1640 ab
1399 1608 1529 1654 antiquo
1565 1619 1620 1654 per
1649 1608 1779 1642 abbates

1030 1654 1103 1687 dicti
1126 1655 1246 1689 ordinis
1268 1655 1307 1689 ita
1335 1654 1426 1689 suerit
1449 1656 1650 1696 ordinatum,
1677 1658 1706 1690 id
1732 1666 1778 1690 ta-

1031 1714 1101 1736 men
1130 1703 1160 1737 in
1195 1703 1436 1738 desuetudinem
1463 1705 1556 1748 abiit,
1590 1714 1620 1739 et
1647 1706 1706 1740 iain
1738 1706 1778 1740 de

1029 1753 1189 1786 communi
1217 1753 1447 1788 consuetudine
1474 1754 1531 1788 soli
1554 1755 1698 1789 monachi
1730 1766 1778 1789 va-

1029 1802 1130 1834 cantis
1152 1803 1328 1836 monasterii
1357 1814 1463 1837 vocem
1493 1803 1521 1836 in
1547 1803 1700 1838 electione
1720 1803 1777 1838 ab-

1031 1848 1110 1883 batis
1137 1849 1252 1885 babere
1275 1860 1462 1891 noscuntur,
1492 1852 1671 1886 liuiiisiitodi
1698 1864 1777 1886 con—

1029 1899 1233 1934 suetudinem
1263 1899 1409 1935 volumus
1430 1908 1460 1934 et
1483 1902 1695 1947 praecipimus
1715 1902 1776 1936 ob·

1029 1948 1159 1990 servari,
1186 1960 1254 1983 eam
1288 1948 1476 1984 laudabilem
1501 1958 1531 1984 et
1558 1949 1774 1984 rationabilem

1029 1995 1222 2040 iudicantes,
1247 2009 1320 2033 cnm
1347 1997 1386 2032 ad
1417 1999 1466 2033 ius
1495 2011 1664 2033 commune
1685 1999 1776 2033 redu-

1028 2045 1120 2088 xerit,
1142 2047 1224 2092 quod
1254 2046 1355 2081 suerat
1376 2055 1483 2082 contra
1506 2048 1584 2082 iuris
1598 2048 1775 2083 communis

1029 2099 1152 2145 regulas
1177 2101 1401 2141 constitutum
1436 2101 1476 2135 ita
1504 2100 1588 2148 quod
1615 2113 1667 2141 ea,
1693 2113 1774 2148 quae

1028 2151 1066 2186 de
1088 2152 1236 2187 vocandis
1257 2152 1418 2200 aliquibus
1439 2153 1617 2193 abbatibus,
1640 2166 1773 2201 quorum

1027 2205 1141 2240 domus
1163 2206 1202 2241 de
1228 2205 1381 2241 Cistercio
1405 2207 1570 2247 exierunt,
1602 2206 1686 2253 quod
1708 2206 1775 2254 qui-

239 2298 374 2337 quamor
414 2290 459 2324 vel
483 2290 614 2324 anorum
638 2291 897 2324 monasteriorum
914 2302 987 2324 con-
1005 2278 1007 2311 j
1027 2258 1098 2293 dem
1122 2258 1160 2293 de
1187 2258 1353 2293 abbatibus
1375 2259 1526 2294 liactenus
1544 2269 1589 2294 est
1604 2269 1772 2300 servatum,

378 2317 386 2330 2

241 2346 353 2373 ventus
378 2339 415 2374 ad
438 2351 514 2373 suos
539 2337 667 2373 abbates
694 2338 842 2373 duxerint
871 2351 980 2373 recur-
1006 2354 1007 2358 ¹

1026 2319 1057 2346 et
1077 2320 1210 2351 caetera,
1241 2324 1322 2358 quae
1344 2312 1382 2347 de
1405 2314 1564 2348 vocatione
1590 2313 1773 2348 huiusmodi

1027 2364 1129 2412 quoad
1151 2364 1348 2408 Cistercien.,
1369 2377 1489 2400 necnon
1504 2366 1604 2413 quoad
1620 2367 1676 2401 alia
1692 2367 1773 2402 eius-

1027 2418 1098 2452 dem
1130 2417 1251 2452 ordinis
1284 2417 1470 2453 monasteria
1505 2418 1537 2452 in
1567 2417 1703 2463 Charta,
1739 2429 1772 2455 ut

1029 2472 1249 2518 praemittitur,
1276 2472 1494 2515 continentur,
1517 2471 1626 2507 eadem
1655 2481 1717 2508 tam
1741 2475 1773 2509 in

1028 2525 1096 2570 ipso
1117 2523 1314 2563 Cistercien.,
1337 2536 1430 2571 quain
1459 2526 1489 2560 in
1524 2522 1592 2561 aliis
1621 2535 1774 2562 monaste·

241 2632 416 2667 vacantium
434 2641 610 2667 conventus
623 2631 796 2665 dixerimus
809 2631 984 2666 secundum
1005 2616 1008 2681 l
1028 2630 1178 2678 praedicti
1208 2631 1252 2665 sic
1277 2631 1405 2665 vocandi
1434 2642 1541 2666 vocem
1565 2631 1596 2667 in
1618 2633 1770 2669 electione

1800 280 1849 305 An.
1867 278 1895 305 C.
1915 280 1980 305 126ῗὶ

1809 739 1837 759 De
1861 739 1977 759 huiusmod—

1795 769 1891 789 ahbatum
1928 774 1975 795 ftffltr

1795 800 1888 824 agendae
1935 804 1945 818 c·

1796 832 1872 850 ethni·
1889 830 1948 849 mods*
