2129 3223
128 273 161 298 Απ
188 272 215 297 Γ.4
236 272 305 298 1255

131 566 263 588 [ominetur
273 572 305 588 re-

122 599 217 622 *isiflnda

131 1548 185 1568 3:511}
208 1550 233 1568 de
257 1552 302 1568 otus

119 1578 180 1598 bonis
195 1579 302 1598 retineant

118 1608 220 1628 mentale:

371 262 439 293 5722

320 327 486 361 abbatissis
512 326 661 360 canonice
683 325 792 360 electis
820 325 846 359 ei
870 323 1066 359 succedenti-

321 376 378 409 bus
400 374 539 409 obedire.

627 448 707 482 CAr.
731 451 763 481 2

368 519 401 555 Si
418 531 492 566 qua,
514 518 618 553 divina
645 518 861 573 inspiratione,
883 517 1005 552 venerit
1031 516 1068 551 ad

321 581 385 608 vos,
413 568 521 603 volens
545 568 639 602 vitam
662 568 751 602 istam
780 567 935 613 accipere
970 565 1069 600 abba-

320 618 392 652 tissa
416 629 559 652 soi-oium
583 617 726 651 omnium
749 628 940 650 consensum
965 614 1070 661 requi-

320 678 386 700 rere
410 673 570 705 teneatur,
597 673 625 700 et
655 665 678 699 si
708 665 808 699 maior
835 676 903 709 pars
934 675 1070 697 consen-

318 715 408 755 serit,
445 714 547 750 habita
581 714 704 749 licentia
744 713 862 748 domini
902 712 1069 747 cardinalis

318 763 503 810 protectoris
539 762 645 802 vestri,
682 763 778 808 possit
812 774 879 796 eam
916 761 1066 807 recipere.

318 813 355 847 Et
378 813 403 847 si
423 812 637 858 recipiendam
657 811 781 853 viderit,
804 810 972 855 diligenter
994 822 1069 844 exa-

318 862 414 896 minet
441 872 521 903 eam,
549 861 595 895 vel
619 860 789 894 examinari
813 859 904 893 faciat
926 859 964 893 de
990 858 1068 893 Fide

316 909 468 945 catholica
490 916 521 943 et
546 908 767 944 ecclesiasticis
784 908 1005 942 Sacramentis.
1030 907 1069 941 Et

316 959 341 993 si
371 959 449 993 haec
470 958 574 992 omnia
602 957 708 993 credat
735 965 764 991 et
784 956 855 990 velit
878 969 912 990 ea
936 956 1069 991 fideliter

316 1007 479 1047 confiteri,
519 1014 550 1040 et
588 1018 691 1053 usque
732 1006 760 1039 in
804 1006 897 1039 finem
940 1005 1069 1039 firmiter

316 1057 497 1098 observare,
519 1062 550 1089 et
582 1055 684 1088 virum
714 1066 775 1088 non
808 1053 930 1094 lrabeat,
966 1053 1010 1087 vel
1042 1054 1066 1088 si

316 1105 420 1144 babet,
447 1112 477 1139 et
507 1105 569 1138 iarn
598 1103 783 1149 religionem
810 1102 934 1136 intravit
956 1110 1068 1137 aucto·

318 1155 406 1188 ritate
433 1152 612 1188 dioecesani
635 1152 789 1198 episcopi,
809 1160 878 1185 voto
900 1152 1068 1186 continen-

317 1204 377 1236 tiae
407 1203 467 1236 iam
502 1201 629 1243 emisso,
656 1208 754 1235 aetate
781 1200 872 1234 etiam
906 1200 1067 1246 longaeva,

318 1252 362 1285 vel
392 1251 574 1285 infirmitate
602 1250 722 1295 aliqua,
757 1262 812 1283 seu
842 1248 997 1288 fatuitate,
1028 1249 1068 1282 ab

317 1299 498 1334 huiusmodi
528 1300 607 1332 vitae
641 1298 837 1332 observantia
874 1309 935 1331 non
972 1298 1068 1343 impc-

317 1349 435 1389 diente,
450 1348 619 1393 diligenter
636 1354 810 1392 exponatur
831 1346 858 1379 ei
878 1354 967 1380 tenor
988 1346 1067 1380 vitae

317 1405 446 1431 vestrae.
476 1396 513 1429 Et
547 1396 572 1430 si
609 1395 719 1429 idonea
748 1394 852 1438 fuerit,
887 1394 1007 1429 dicatur
1038 1394 1066 1428 ei

316 1445 446 1480 verbum
474 1444 580 1479 Sancti
609 1443 784 1488 Evangelii,
813 1443 896 1488 quod
921 1443 1009 1477 vadat
1036 1452 1066 1477 et

318 1494 430 1528 vendat
456 1493 560 1527 omnia
589 1503 657 1534 sua,
683 1500 713 1525 et
735 1503 769 1525 ea
796 1491 919 1525 studeat
945 1503 1066 1537 paupe-

317 1542 403 1577 ribus
426 1553 565 1586 erogare.
588 1539 680 1582 Quod
704 1540 728 1573 si
752 1540 852 1573 facere
876 1551 938 1573 non
961 1548 1068 1585 potue-

318 1592 367 1628 rit,
390 1590 503 1625 sufficit
530 1590 556 1624 ei
587 1589 666 1624 bona
691 1588 843 1622 voluntas.
872 1588 912 1622 Et
938 1596 1067 1622 caveant

316 1639 472 1674 abbatissa
505 1646 535 1672 et
561 1638 632 1673 eius
667 1649 803 1679 sorores,
838 1649 876 1670 ne
911 1637 1066 1671 sollicitae

316 1688 377 1722 sint
396 1687 435 1722 de
457 1687 551 1721 rebus
570 1687 635 1721 suis
657 1685 893 1732 temporalibus,
918 1692 950 1718 ut
969 1685 1066 1719 libere

316 1737 407 1770 faciat
441 1735 480 1769 de
514 1735 606 1770 rebus
639 1747 705 1768 suis
731 1734 880 1780 quicquid
910 1733 1066 1768 Dominus

316 1784 515 1831 inspiraverit
535 1784 574 1818 ei.
598 1782 631 1817 Si
650 1791 752 1817 tamen
775 1782 940 1816 consilium
966 1783 1066 1828 requi-

316 1841 421 1876 ratur,
452 1833 553 1867 mittit
586 1844 654 1866 eam
689 1830 724 1864 ad
759 1831 882 1877 aliquos
913 1831 1066 1865 ctiscietos

315 1890 346 1916 et
368 1882 470 1916 Deum
494 1882 650 1918 timentes
674 1892 808 1927 quoium
832 1879 964 1913 consilio
985 1880 1064 1914 bona

306 1943 371 1967 ‚sua
391 1930 588 1985 pauperihus
608 1937 787 1974 erogentur
805 1928 928 1971 Postea,
945 1929 1066 1974 capillis

294 1979 416 2014 -tousis
450 1991 479 2012 in
509 1977 680 2012 rotundum
716 1986 746 2012 et
779 1977 922 2023 deposito
958 1977 1063 2011 babitu

134 2513 219 2535 Batitas
229 2515 306 2534 utoni·-

123 2546 171 2566 llum

317 2028 482 2068 saeculari,
509 2026 684 2061 concedant
720 2026 746 2060 ei
783 2034 845 2059 tres
882 2026 1002 2060 tunicas
1036 2033 1066 2060 et

317 2076 512 2112 mantellum.
536 2075 694 2122 Deinceps
720 2083 804 2109 extra
828 2075 1065 2118 monasterium,

317 2127 384 2160 sine
408 2125 476 2159 utili
513 2124 676 2159 manifesta
709 2132 736 2157 et
775 2122 924 2168 probabili
961 2135 1064 2163 causa,

317 2175 418 2209 eidem
447 2174 532 2208 exire
554 2185 616 2207 non
640 2173 741 2206 liceat
761 2171 867 2206 Finito
890 2184 961 2206 vero
983 2184 1066 2206 anno

318 2222 521 2270 piobationis,
563 2221 730 2267 recipiatur
770 2220 807 2254 ad
842 2219 1065 2263 obedientiam,

318 2272 506 2325 promittens
534 2271 626 2304 vitan]
653 2279 682 2304 et
712 2269 841 2304 formam
876 2269 1067 2316 paupertitis

318 2330 436 2355 vestran
477 2333 505 2353 in
541 2327 727 2366 perpetuum
763 2318 945 2352 observare:
982 2318 1065 2352 nulla

319 2370 397 2403 infra
427 2377 553 2414 tempus
587 2367 780 2423 probationis
813 2366 941 2401 ielrtnr.
977 2366 1066 2401 Man-

317 2418 428 2452 tellum
451 2418 543 2452 etiarn
567 2417 689 2463 possint
715 2428 840 2450 sorores
868 2416 982 2450 babere
1012 2427 1066 2462 pro

319 2466 514 2501 alleviatione
533 2474 562 2500 et
579 2465 739 2499 honestate
759 2465 874 2498 servitii
894 2472 923 2498 et
941 2464 1064 2498 laboris.

319 2515 486 2550 Abbatissa
518 2526 591 2548 vero
628 2514 666 2548 de
700 2513 895 2548 vestimentis
932 2512 1066 2547 discrete

321 2564 364 2597 eis
385 2563 556 2610 provideat,
579 2562 754 2597 secundum
775 2561 940 2608 qualitates
963 2573 1068 2608 perso-

322 2624 431 2646 narum
465 2623 493 2645 ei
517 2611 602 2652 loca,
636 2619 665 2646 et
694 2619 851 2658 tempora,
880 2619 909 2645 et
941 2610 1068 2657 frigidas

912 267 1102 291 scamnum
1129 266 1295 290 monimum

1089 321 1095 336 ¹
1114 322 1269 368 regioneS,
1287 322 1369 357 sicut
1383 322 1559 357 necessitati
1575 321 1685 356 viderit
1701 320 1861 368 expedire.

1114 370 1304 406 Iuvenculae
1326 371 1356 405 in
1379 371 1571 406 monasterio
1600 377 1758 417 receptae,
1786 369 1863 404 infra

1114 428 1240 466 tempus
1273 419 1383 455 aetatis
1419 420 1579 466 legitimae
1611 420 1802 454 tondeantur
1832 419 1862 453 in

1113 468 1298 503 rotundum.
1327 468 1367 503 Et
1389 469 1534 516 deposito
1562 468 1667 503 babitu
1697 468 1862 506 saeculari.

1113 517 1285 552 induantur
1315 529 1420 564 panno
1447 517 1605 563 religioso,
1644 518 1727 552 sicut
1761 517 1862 551 visum

1115 566 1206 600 fuerit
1234 566 1420 601 abbatissae.
1444 566 1525 601 Cum
1559 578 1629 600 vero
1664 566 1701 601 ad
1729 574 1861 601 aetatem

1113 615 1284 661 legitimam
1302 615 1456 655 venerint,
1480 615 1606 649 indutae
1624 615 1707 650 iuxta
1731 615 1860 650 formam

1110 663 1256 707 aliarum,
1289 663 1402 698 faciant
1430 664 1658 710 professionem
1688 677 1788 698 suani.
1822 663 1861 698 Et

1113 721 1174 748 tam
1204 713 1282 760 ipsis
1311 725 1405 760 quam
1434 713 1502 747 aliis
1538 712 1672 753 novitiis,
1707 712 1859 747 abbatissa

1111 762 1243 796 sollicite
1272 762 1452 808 magistram
1477 761 1638 808 provideat
1669 761 1707 796 de
1740 761 1861 796 discre-

1112 810 1244 845 tioribus
1267 811 1361 845 totius
1384 811 1576 853 monasterii,
1598 822 1678 857 quae
1701 810 1732 844 in
1754 818 1859 844 sancta

1111 859 1349 894 conversatione
1375 867 1406 894 et
1427 859 1569 894 honestis
1597 859 1750 901 moribus,
1775 859 1860 894 iuxta

1112 908 1242 942 formam
1266 908 1470 955 professionis
1492 916 1624 948 vestrae,
1647 920 1699 942 eas
1725 907 1860 954 diligen-

1111 964 1156 990 ter
1170 956 1328 991 informet.
1342 957 1375 990 In
1392 957 1622 991 examinatione
1637 964 1667 991 et
1680 958 1860 1003 receptione

1110 1018 1253 1040 sororum
1276 1006 1480 1040 servientium
1507 1013 1592 1040 extra
1621 1006 1858 1049 monasterium,

1109 1062 1251 1089 servetur
1286 1054 1384 1089 forma
1419 1054 1589 1102 praedicta,
1623 1066 1705 1101 quae
1738 1055 1859 1101 possint

1110 1112 1233 1150 portare
1257 1103 1478 1138 calceamenta.
1498 1103 1592 1138 Nulla
1608 1103 1770 1138 vobiscum
1787 1104 1856 1138 resi-

1109 1151 1246 1189 dentiam
1270 1152 1360 1188 faciat
1382 1152 1411 1186 in
1432 1152 1634 1195 monasterio,
1653 1151 1713 1186 nisi
1732 1161 1855 1196 recepta

1113 1201 1204 1235 fuerit
1232 1201 1408 1236 secundum
1436 1201 1567 1236 formam
1591 1208 1711 1236 vestrae
1742 1200 1858 1248 profes-

1110 1250 1220 1283 sionis.
1240 1250 1279 1284 Et
1295 1262 1402 1284 amore
1416 1249 1601 1285 sanctissimi
1618 1257 1648 1284 et
1661 1249 1855 1284 dilectissimi

1109 1299 1215 1341 Pueri,
1239 1299 1437 1353 pauperculis
1460 1298 1637 1345 panniculis
1660 1297 1832 1342 involuti,
1825 1311 1856 1332 in

1110 1348 1274 1394 praesepio
1293 1347 1447 1391 reclinati,
1465 1355 1495 1381 et
1515 1346 1732 1382 sanctissimae
1748 1347 1856 1382 Matris

1108 1409 1189 1439 eius,
1205 1408 1330 1436 moneo,
1358 1396 1512 1443 deprecor
1537 1404 1567 1430 et
1592 1396 1741 1431 exhortor
1767 1407 1858 1431 soro-

1109 1457 1157 1479 res
1181 1456 1278 1488 meaS,
1307 1452 1340 1479 ut
1366 1445 1559 1479 vestimentis
1584 1456 1711 1491 semper
1742 1444 1856 1479 vilibus

1108 1494 1286 1528 induantur.

1410 1562 1489 1597 Cn.
1520 1566 1551 1597 3.

1156 1637 1288 1672 Sorores
1307 1636 1459 1671 litteratae
1479 1636 1593 1671 faciant
1611 1637 1752 1672 divinum
1774 1638 1854 1673 Offi-

1107 1686 1191 1720 cium
1225 1684 1400 1720 secundum
1434 1685 1697 1720 consuetudinem
1725 1686 1852 1721 fratrum

1107 1734 1277 1773 Minorum,
1286 1745 1392 1780 exquo
1402 1734 1559 1779 potuerint
1567 1733 1682 1769 habere
1690 1734 1852 1776 breviaria,

1108 1782 1241 1828 legendo
1259 1782 1326 1816 sine
1348 1789 1451 1816 cantu.
1470 1781 1508 1817 Et
1528 1794 1610 1829 quae
1630 1783 1795 1819 occasione
1810 1797 1855 1819 ra-

1108 1830 1246 1865 tionabili
1273 1842 1336 1865 non
1365 1838 1498 1878 possunt
1526 1831 1694 1879 aliquando
1721 1832 1855 1879 legendo

1107 1879 1212 1914 dicere
1240 1880 1331 1914 boras
1366 1891 1450 1918 suas,
1477 1880 1568 1916 liceat
1597 1880 1643 1915 eis
1669 1881 1751 1916 sicut
1775 1881 1855 1917 aliae

1107 1940 1232 1963 sorores
1259 1928 1362 1963 dicere
1397 1930 1491 1962 Pater
1522 1937 1632 1964 noster.
1660 1929 1751 1971 Quae
1782 1942 1855 1966 vero

1108 1977 1225 2012 litteras
1260 1977 1421 2022 nesciunt,
1461 1977 1566 2013 (licant
1608 1979 1855 2026 vigintiquatuor

1109 2028 1201 2060 Pater
1227 2034 1326 2060 noster
1352 2038 1409 2073 pro
1440 2027 1606 2071 matutino,
1634 2040 1690 2074 pro
1711 2027 1856 2063 laudibus

1107 2076 1257 2122 quinque;
1283 2086 1339 2122 pro
1360 2075 1459 2121 prima
1483 2088 1566 2116 vero,
1590 2076 1690 2117 tertia,
1716 2084 1803 2112 sexta
1824 2086 1854 2112 et

1109 2135 1208 2163 nona,
1232 2135 1286 2169 pro
1312 2123 1451 2172 qualibet
1478 2124 1605 2159 istarum
1638 2133 1776 2172 septem;
1799 2138 1854 2172 pro

1107 2171 1264 2206 defunctis
1281 2171 1386 2207 dicant
1407 2173 1502 2207 etiam
1527 2173 1558 2207 in
1577 2174 1716 2220 vesperis
1732 2182 1852 2221 septem

1110 2222 1202 2254 Pater
1228 2229 1326 2255 noster
1356 2229 1386 2255 et
1420 2222 1562 2266 Requiem
1593 2230 1762 2267 aeternam,
1797 2236 1853 2270 pto

1109 2270 1259 2303 matutino
1304 2269 1484 2305 duodecim.
1529 2270 1661 2305 Sorores
1703 2271 1854 2306 litteratae

1108 2327 1273 2353 teneantur
1316 2318 1420 2353 dicere
1455 2318 1602 2354 Officium
1646 2319 1851 2365 Mortuerum.

1107 2366 1243 2409 Quando
1265 2379 1337 2402 vero
1364 2379 1453 2402 soror
1475 2368 1653 2403 monasterii
1676 2368 1768 2403 vestri
1792 2370 1852 2403 ini-

1108 2416 1253 2461 graverit,
1268 2415 1373 2451 dicant
1389 2416 1617 2463 quinquaginta
1633 2418 1726 2451 Pater
1741 2425 1850 2452 noster.

1108 2464 1202 2498 Omni
1231 2472 1372 2511 tempore
1393 2477 1516 2500 sorores
1535 2465 1743 2500 ieiunent.1n
1764 2466 1852 2502 Nati-

1108 2513 1200 2547 vitate
1227 2513 1373 2558 Domini,
1406 2525 1606 2561 quacumque
1638 2513 1689 2549 die
1723 2516 1852 2554 venerit.

1110 2561 1156 2596 bis
1192 2562 1276 2597 refici
1309 2562 1438 2608 possint.
1472 2562 1554 2598 Cum
1586 2561 1852 2605 adolescentibus,

1109 2609 1267 2645 debilibus
1289 2619 1317 2646 et
1339 2611 1548 2647 servientibus
1574 2619 1659 2647 extra
1695 2620 1855 2649 monaste-

1880 263 1929 291 An.
1949 263 1978 291 G.
1996 263 2065 291 ¹253

1876 1649 1949 1671 Modus
1959 1652 2051 1672 recitan-

1868 1680 1888 1715 di
1903 1681 1994 1702 dtvinum
2003 1680 2054 1702 offi-

1868 1715 1929 1731 enlm.

1880 2186 1984 2208 Oraudnm
2012 2192 2050 2214 prs

1881 2216 1980 2242 etunctts.

1879 2477 2008 2505 Semperque
2020 2482 2050 2499 ιο-

1869 2508 1988 2530 iuuandum.
