2129 3223
148 268 195 293 An.
215 270 241 294 (J¹
262 269 327 295 1252

154 517 245 543 Gustum
279 520 324 544 pri-

141 554 185 568 mus
204 548 217 567 R
241 548 322 570 Petfun.

138 1706 182 1732 Quc
191 1711 255 1726 sensu
264 1705 316 1726 Pau—

130 1736 163 1757 lus
177 1736 259 1757 dicatur
273 1735 316 1756 Pe-

131 1770 164 1787 tro
193 1768 212 1787 111
240 1766 314 1788 nciam

130 1799 245 1819 restitisse.

393 259 462 292 470

343 323 428 358 tibus
453 324 586 368 sanctis,
618 332 649 360 et
679 324 764 360 cives
785 337 941 373 supernae
967 325 1089 360 Hieru-

342 372 454 412 salem,
481 385 576 420 supra
603 373 842 410 fundamentum
875 375 1089 421 apostolorum

341 429 370 455 et
395 422 631 468 prophetarum,
654 424 905 471 superaedificati
929 424 1087 471 leguntur.

388 474 404 514 5
426 473 458 505 5.
482 471 565 506 Inter
587 485 668 519 quos
691 473 812 520 primus
846 482 876 508 et
899 474 1089 521 praecipuus

340 518 537 556 beatissimus
564 520 676 557 Petrus
704 535 767 558 non
794 523 861 558 sine
888 536 998 563 causa,
1033 522 1087 557 sed

337 580 376 604 ex
410 571 622 616 praerogativa
649 572 776 618 speciali
804 574 823 618 [a
861 571 998 607 Domino
1030 584 1088 606 au—

337 617 403 672 dire
427 621 556 655 meruit:
583 620 631 655 Tu
651 621 812 656 vocaberis
839 621 979 669 CepliaS,
1003 621 1086 668 quod

337 675 562 715 interpretatur
595 679 703 716 caput:
741 679 773 705 ut
804 671 883 706 sicut
920 672 950 705 in
986 670 1087 717 capite

335 729 489 753 sensuum
513 718 677 766 plenitudo
704 720 867 759 consistit,
900 733 915 754 3
950 732 1012 766 quo
1047 719 1084 754 ad

335 766 458 814 singula
486 767 627 803 membra
662 770 795 804 occultis
827 769 983 804 meatibus
1016 780 1086 814 pars

334 815 454 863 aliqua,
477 824 635 864 tamquam
662 830 677 852 a
707 818 790 853 fonte
816 818 937 853 rivulus
959 817 1084 852 deriva-

334 873 402 900 tur:
431 867 477 901 sic
499 874 561 901 tres
589 867 727 902 fidelium
751 868 890 904 ordines.
918 868 949 902 111
978 867 1086 902 Εο010-

333 915 391 956 sia,
414 915 493 957 Noe,
516 915 625 951 Daniel
649 925 679 951 et
696 916 763 960 lob,
778 916 903 964 praelati
929 916 1083 957 videlicet,

333 965 536 1000 continentes
567 974 597 1000 et
631 966 802 1012 coniugati,
832 978 913 1013 quos
935 966 1082 1001 Ezechiel

331 1013 449 1049 vidisse
475 1014 591 1061 legitur
627 1015 655 1049 in
692 1015 812 1050 visione
845 1015 1031 1055 salvandos,
1066 1028 1082 1050 3

332 1062 427 1098 Petro
461 1072 566 1110 petra,
601 1076 696 1111 super
726 1076 822 1111 quam
854 1077 915 1099 non
950 1064 1080 1099 domum

331 1112 430 1147 saltus
448 1112 572 1152 Libani,
597 1125 658 1147 non
678 1114 833 1160 porticum
848 1114 1081 1156 columnarum,

332 1173 389 1196 nec
416 1161 546 1197 domurn
570 1163 652 1197 filiae
675 1162 868 1203 Pharaonis,
893 1163 948 1198 sed
971 1163 1082 1198 Eccle-

330 1210 408 1246 siam
431 1223 521 1246 suam
543 1211 718 1247 aedificavit
739 1212 896 1247 Dominus
918 1212 1080 1254 fidelibus,

329 1259 416 1295 velut
451 1260 490 1295 de
524 1261 608 1295 omni
640 1273 756 1307 genere
796 1262 929 1308 piscium
957 1262 987 1296 in
1011 1262 1081 1297 eius

330 1316 395 1344 rete
416 1309 588 1351 conclusis,
621 1319 781 1357 tamquam
806 1323 820 1344 a
849 1311 980 1357 primate
1014 1311 1080 1358 pri—

329 1366 467 1399 matum,
502 1359 556 1406 qui
591 1359 629 1394 de
661 1360 745 1394 sonte
767 1359 917 1395 dominici
946 1361 1081 1407 pectoris

329 1407 445 1442 fluenta
478 1408 619 1455 potavit,
657 1416 688 1443 et
715 1421 789 1443 suae
821 1409 931 1443 salutis
965 1409 1080 1444 debent

330 1456 490 1503 postulare
505 1457 654 1496 remedia,
676 1466 705 1492 et
724 1470 794 1492 cum
822 1458 909 1492 omni
933 1458 1079 1506 patientia

330 1513 361 1540 et
387 1505 529 1540 doctrina
553 1518 617 1541 non
635 1507 842 1548 contentiose,
871 1507 916 1542 vel
944 1508 1080 1555 superbe

330 1554 360 1589 in
388 1555 494 1602 aliquo
518 1555 716 1596 resistentes,
749 1568 766 1590 a
793 1556 908 1591 mentis
930 1568 1005 1592 suae
1032 1566 1080 1591 te—

329 1602 437 1639 nebris
458 1603 628 1639 dubietatis
654 1604 822 1652 scrupulos
848 1606 1012 1640 removeri.

378 1657 393 1696 5
417 1654 449 1687 6.
478 1653 543 1689 Νο0
564 1653 678 1695 obstat,
701 1654 785 1701 quod
813 1654 940 1698 asseris,
962 1655 987 1689 si
1005 1663 1081 1690 tem-

331 1713 417 1749 pora,
441 1702 610 1750 locumque
627 1702 815 1749 distinguas,
837 1703 970 1738 Paulum
986 1704 1080 1739 Petro

331 1752 361 1786 in
384 1750 493 1787 taciem
516 1752 689 1793 restitisse;
714 1764 786 1787 cum
809 1752 1021 1799 dispensative
1042 1753 1080 1789 ab

329 1800 515 1836 orthodoxis
542 1801 691 1837 Patribus
720 1801 780 1837 hoc
801 1801 920 1837 factum
942 1814 1012 1838 esse
1033 1802 1082 1838 le—

328 1858 431 1897 gatur,
452 1850 530 1885 dum
556 1850 671 1886 Petrus
692 1851 792 1897 legem
814 1850 993 1899 Mosaycam
1013 1864 1082 1899 pro—

328 1899 463 1943 fitendo,
485 1899 638 1940 Iudaeos,
666 1908 696 1935 et
718 1900 837 1936 Paulus
859 1901 1082 1937 circumcisio-

329 1960 402 1984 nem
420 1949 553 1990 evitans,
581 1950 653 1984 totis
674 1949 793 1984 viribus
815 1949 998 1986 lucrifacere
1011 1958 1079 1986 stu-

329 1997 432 2033 duerit
453 2010 492 2033 ex
515 1998 697 2034 huiusmodi
717 1999 920 2034 simulatione
934 2001 1078 2046 gentiles.

329 2046 482 2094 Alioquin
504 2055 536 2082 et
557 2047 692 2082 Paulum
722 2047 991 2095 perambulantem
1021 2049 1081 2096 Sy-

330 2097 407 2131 riam
448 2105 479 2131 et
504 2096 648 2132 Ciliciam
672 2109 744 2132 cum
777 2098 973 2144 pervenisset
1000 2098 1081 2133 Der-

329 2145 403 2185 ben,
425 2154 456 2181 et
478 2145 627 2186 Listram‚
654 2158 691 2181 ex
714 2158 753 2181 eo
774 2158 900 2193 argues,
923 2147 1007 2194 quod
1033 2146 1080 2181 Ti-

330 2195 492 2230 motheum
515 2207 552 2230 ex
588 2203 675 2243 patre
709 2195 816 2241 gentili
850 2204 951 2231 ortum
980 2196 1082 2231 fidelis

330 2243 444 2279 viduae
472 2244 574 2279 filium
606 2244 813 2280 circumcidit.
842 2244 992 2280 Secundo
1024 2257 1081 2280 au-

331 2301 393 2328 tem
416 2302 446 2329 et
474 2294 584 2333 tertio,
608 2294 654 2329 vel
682 2302 724 2334 te,
746 2294 795 2329 vel
816 2293 951 2329 Paulum
981 2307 1082 2341 repre-

330 2342 465 2387 hendes,
497 2343 549 2390 qui
572 2355 645 2377 cum
674 2343 854 2389 navigasset
887 2343 1023 2391 Syriam,
1051 2352 1081 2378 et

331 2404 404 2426 cum
439 2404 477 2427 eo
511 2400 618 2427 essent
652 2391 793 2427 Priscilla
829 2400 860 2427 et
893 2392 1024 2440 Aquila,
1051 2404 1081 2427 et

331 2448 426 2488 caput
460 2441 573 2476 timore
608 2440 793 2476 iudaeorum
827 2441 1016 2478 totondisset
1050 2442 1080 2476 in

331 2488 497 2531 Cenchris,
516 2490 588 2537 quia
610 2501 733 2525 comam
762 2502 855 2537 quam
878 2502 916 2526 ex
935 2499 1007 2526 voto
1026 2502 1083 2525 nu-

332 2538 454 2578 trierat,
481 2538 566 2586 quod
596 2538 743 2574 Nazaraei
770 2540 825 2587 qui
858 2540 1000 2575 secundo
1027 2552 1083 2575 vo-

334 2596 458 2631 verant,
492 2589 576 2623 iuxta
612 2596 815 2636 praeceptum
851 2589 951 2637 Moysi
977 2589 1082 2624 facere

332 2645 577 2678 consueverant,
607 2637 725 2673 ibidem
749 2637 885 2673 totondit
919 2651 957 2674 ex
990 2638 1082 2686 lege?

918 271 1106 294 BULLAtuUtu
1133 271 1293 294 ROMANtm

1891 270 1941 297 An.
1957 269 1984 296 C.
2003 268 2073 296 1252
2107 286 2113 292 .

1130 325 1174 364 Si,
1190 325 1282 360 frater
1295 326 1489 366 charissime,
1505 326 1664 373 dignitatis
1679 324 1874 372 mysterium,
1902 329 2073 366 Petrusott’au-
2128 351 2129 354 ¹

1130 383 1161 410 et
1187 375 1380 410 auctoritatis
1413 375 1550 410 officium
1585 375 1680 421 pleno
1715 373 1873 410 intellectu
1889 361 2072 414 ὲῖἷιιῗῖῗμζοᾷἶ

1130 424 1340 470 distinguens,
1367 433 1397 459 et
1417 425 1501 460 Petri
1529 432 1559 460 et
1582 424 1669 459 Pauli
1686 423 1788 458 zelum
1803 435 1875 459 con·
1888 423 1971 444 ww*-

1129 473 1266 514 sideres,
1304 475 1357 521 qui
1385 475 1507 509 animas
1533 472 1752 509 tantummodo
1786 473 1875 509 sitie-

1129 522 1217 561 bant:
1240 535 1295 559 eos
1318 535 1375 558 nec
1402 524 1431 558 in
1455 531 1567 563 morte,
1593 535 1675 570 quos
1707 521 1817 558 eadem
1843 523 1876 557 fi-

1128 571 1199 616 des,
1235 580 1263 607 et
1287 573 1390 619 passio
1418 584 1488 608 vere
1506 572 1579 608 fecit
1599 584 1669 607 esse
1689 584 1874 619 germanos,

1129 633 1187 656 nec
1213 621 1288 656 dum
1317 622 1456 657 viverent
1484 623 1514 656 in
1552 621 1694 656 doctrina
1734 621 1876 656 invenies

1129 670 1222 705 fuisse
1246 671 1417 706 discordes.

1175 724 1190 761 ,ξ
1219 723 1249 753 7.
1284 720 1373 754 Licet
1410 720 1493 754 enim
1529 719 1642 754 Petrus
1687 731 1743 766 pro
1777 719 1874 754 durae

1125 769 1254 804 cervicis
1292 769 1435 809 iutlaico,
1474 777 1504 803 et
1531 768 1650 804 Paulus
1677 780 1732 814 pro
1765 769 1873 815 gentili

1127 818 1254 864 populo,
1284 818 1330 853 lac
1352 818 1502 865 parvulis,
1525 827 1554 852 et
1581 830 1686 853 escam
1720 818 1875 865 provectis

1125 867 1290 907 exhibens,
1316 867 1448 903 diversis
1482 867 1600 914 linguis
1627 876 1657 902 et
1695 866 1808 902 ritibus
1835 867 1876 903 la-

1125 916 1284 957 borarint3
1321 929 1393 952 cum
1432 919 1491 951 iam
1528 916 1692 964 plenitudo
1724 917 1875 964 temporis

1124 965 1315 1007 advenisset,
1346 978 1444 1001 unum
1476 966 1663 1005 Dominum,
1692 977 1786 1013 11113111
1813 964 1875 1000 Fi-

1123 1014 1206 1055 dem,
1235 1028 1332 1050 unum
1362 1015 1541 1063 Baptisma‚
1565 1023 1596 1050 et
1618 1015 1698 1050 alios
1719 1014 1790 1050 fidei
1822 1027 1874 1050 ar-

1124 1064 1237 1099 ticulos
1259 1065 1436 1100 secundum
1458 1064 1588 1111 gratiam
1611 1064 1668 1099 sibi
1692 1064 1836 1099 collatam
1856 1077 1873 1100 a

1123 1113 1270 1155 Domino,
1295 1115 1326 1149 in
1350 1127 1425 1155 uno,
1448 1113 1624 1161 eodemque
1646 1114 1757 1160 spiritu
1781 1125 1873 1161 prae-

1121 1163 1235 1198 dicavit
1262 1173 1403 1211 uterque.
1780 1204 1794 1210 -

1170 1217 1184 1256 5
1207 1214 1240 1247 8.
1268 1212 1340 1248 Fuit
1362 1213 1444 1248 enim
1483 1212 1600 1247 Paulus
1625 1223 1663 1247 ex
1690 1206 1873 1247 verbo'Do·
1898 1217 1975 1254 aaut„
2010 1217 2068 1240 ΡΜ

1122 1262 1212 1305 mini,
1235 1261 1329 1297 Petro
1351 1270 1380 1296 et
1401 1261 1532 1296 caeteris
1554 1261 1717 1308 Apostolis
1743 1261 1871 1296 univer·
1884 1252 1995 1306 ξξζῗῗζω
2029 1254 2070 1270 ‘⁰'

1122 1312 1226 1346 saliter
1252 1311 1298 1346 sic
1332 1311 1483 1346 dicentis:
1513 1310 1658 1352 Quorum
1687 1310 1872 1346 remiseritis

1122 1368 1247 1408 peccata
1271 1361 1472 1395 remittuntur
1497 1361 1555 1400 eis,
1582 1368 1612 1395 et
1633 1371 1769 1407 quorum
1798 1359 1872 1394 reti-

1121 1410 1252 1444 nueritis
1274 1418 1393 1445 retenta
1420 1417 1512 1454 sunt,
1539 1421 1613 1444 cum
1634 1408 1729 1444 Petro
1756 1416 1872 1457 myste-

1122 1460 1202 1493 rium
1232 1458 1392 1505 dignitatis
1425 1469 1595 1503 exercens,
1629 1466 1662 1493 et
1696 1471 1733 1493 ex
1768 1458 1872 1493 verbis

1121 1508 1264 1543 eiusdem
1299 1508 1515 1547 auctoritatis,
1546 1508 1749 1553 singulariter
1775 1506 1870 1542 Petro

1123 1557 1312 1604 propositis:
1346 1556 1581 1604 Quodcumque
1604 1557 1750 1603 ligaveris
1775 1568 1872 1604 super

1121 1614 1247 1649 terram,
1270 1606 1328 1640 erit
1348 1606 1479 1653 ligatum
1499 1614 1528 1641 et
1549 1606 1581 1641 in
1597 1606 1705 1646 caelis,
1727 1612 1760 1641 et
1773 1604 1872 1652 quod-

1121 1667 1259 1702 cumque
1285 1656 1416 1690 solveris
1441 1667 1539 1702 super
1566 1663 1700 1700 terram,
1731 1655 1789 1690 erit
1815 1667 1871 1690 so—

1121 1704 1224 1739 lutum
1246 1712 1277 1739 et
1303 1705 1333 1738 in
1361 1704 1468 1746 caelis,
1498 1705 1529 1739 in
1560 1704 1655 1739 Petro
1675 1704 1872 1740 auctoritatis

1121 1754 1258 1788 officium
1287 1765 1531 1800 recognoscens,
1566 1762 1596 1788 et
1630 1754 1701 1788 11100
1732 1752 1772 1789 311
1796 1764 1870 1788 011111

1121 1811 1281 1850 tamquam
1306 1802 1486 1850 primatem.
1516 1811 1546 1837 et
1568 1802 1729 1849 Evangelii
1763 1802 1870 1838 domi-

1122 1853 1182 1888 nici
1206 1852 1324 1887 sontem
1354 1852 1438 1887 venit
1458 1852 1729 1899 Hierosolymam,
1759 1859 1790 1887 et
1812 1863 1867 1899 po-

1122 1902 1283 1937 stmodum
1305 1915 1379 1937 cum
1415 1902 1496 1949 ipso,
1535 1911 1564 1937 et
1596 1902 1665 1937 aliis
1691 1900 1870 1937 secuudum

1121 1951 1343 1987 revelationem
1371 1951 1502 1986 contulit
1528 1950 1754 1997 Evangelium',
1783 1961 1822 1985 ne
1839 1950 1869 1985 111

1121 2013 1252 2035 vacuum
1277 2008 1426 2041 curreret,
1455 2000 1501 2034 vel
1529 2001 1622 2035 etiam
1645 2000 1852 2035 cucurrisset.

1169 2054 1185 2093 ,ξ
1213 2053 1244 2085 9.
1272 2049 1367 2091 Quod
1401 2049 1515 2084 iterum
1549 2061 1588 2084 ex
1621 2049 1717 2085 verbo
1743 2048 1868 2084 Domini
1896 2054 1990 2077 flniusc·
2021 2055 2068 2090 rri-

1121 2098 1344 2143 confirmatur,
1380 2110 1453 2133 cum
1486 2098 1544 2133 soli
1576 2098 1688 2139 Petro,
1715 2099 1741 2133 si
1777 2097 1871 2133 frater
1883 2087 2068 2139 ’ἒοῖξωῖἓῖξῖ

1121 2160 1199 2183 suus
1226 2149 1256 2182 in
1291 2159 1326 2183 se
1353 2148 1538 2194 peccaverit,
1565 2160 1628 2183 non
1662 2154 1784 2183 tantum
1816 2159 1868 2182 se-
1883 2149 1986 2176 ¹³²⁹⁸⁸1¹²⁵-
2079 2154 2083 2155 ⁷

1123 2197 1212 2243 ptics‚
1235 2197 1290 2232 sed
1311 2197 1403 2232 etiam
1431 2197 1611 2244 septuagies
1637 2196 1752 2244 septies
1778 2209 1870 2244 prae-

1122 2246 1235 2293 cipitur
1289 2246 1533 2287 dimittendum
1588 2246 1647 2293 ipsi
1692 2245 1748 2280 soli
1795 2257 1870 2280 oves

1121 2308 1195 2330 suas
1238 2295 1416 2330 indistincte
1462 2295 1678 2339 committens,
1717 2295 1772 2341 qui
1807 2303 1869 2330 tam

1122 2344 1251 2391 speciali
1291 2344 1515 2380 miraculorum
1562 2344 1676 2379 virtute
1712 2343 1869 2391 pollebat.

1122 2393 1205 2441 quod
1230 2405 1284 2441 per
1316 2393 1432 2440 plateas
1467 2394 1499 2428 in
1527 2392 1651 2428 lectulis
1677 2399 1708 2427 et
1733 2392 1871 2439 grabatis

1123 2443 1215 2489 positi
1241 2442 1279 2477 ad
1317 2442 1462 2477 umbram
1497 2442 1567 2477 eius
1592 2440 1786 2477 sanabantur
1821 2442 1871 2476 in-

1123 2491 1214 2526 firmi.
1248 2490 1350 2527 Cuius
1372 2491 1543 2526 auctoritas
1569 2503 1607 2526 ex
1633 2490 1774 2526 eiusdem
1802 2490 1871 2525 Do-

1123 2541 1200 2575 mini
1236 2540 1340 2576 verbis
1372 2540 1555 2588 expressius
1580 2539 1761 2581 roboratur,
1795 2551 1870 2575 cum

1122 2589 1182 2625 sibi
1218 2589 1277 2625 soli
1304 2589 1421 2625 dictum
1451 2597 1517 2625 est:
1544 2589 1615 2624 Duc
1642 2589 1672 2624 in
1695 2589 1805 2631 altum,
1839 2597 1871 2624 et

1124 2638 1287 2686 pluraliter
1327 2638 1540 2674 subinfertur:
1577 2637 1694 2674 Laxate
1726 2638 1804 2675 retia
1837 2638 1869 2674 in
