2129 3223
27 254 77 292 rin.
95 263 123 291 c.
137 263 203 291 im

37 471 93 497 Quae
131 472 206 497 poent-

26 500 116 522 toutlbun
134 501 206 521 inlun-

26 532 98 559 gentle.

38 909 194 930 Procedendum

7 952 9 954 -
26 946 106 969 quoque
132 943 207 962 contu

25 976 48 991 ιο
74 973 206 998 opponente:

8 1015 10 1019 ψ
25 1002 45 1022 iu
60 1001 99 1023 hoe
113 1003 205 1028 negotio:

39 1353 64 1375 Bt
95 1354 207 1380 Indulgen-

27 1385 56 1406 tu
90 1385 210 1406 conceden-

27 1416 52 1436 da
66 1416 209 1442 praedicatio-

27 1451 74 1467 nem
93 1444 209 1473 Inquisito-

27 1483 71 1498 rum
103 1477 209 1498 audienti-

28 1508 72 1529 lius.

53 1749 186 1776 lndngentia

29 1786 110 1809 quoque
131 1786 210 1808 propo-

29 1814 69 1834 sito
113 1812 211 1833 auxilium

29 1845 60 1864 eis
82 1843 211 1870 praenunti-

29 1874 74 1895 bns.

47 2439 141 2462 ncutm
161 2447 215 2468 quo-

0 2481 1 2494 i
34 2476 75 2498 qu·
83 2471 216 2493 contr-Pra-

35 2501 140 2524 ditatura»
153 2507 216 2530 quae-

35 2534 132 2554 §turius-

810 262 1019 287 INNOCENTIUS
1041 262 1072 284 IV
1097 262 1144 284 ΙΨ.

219 317 471 362 ecclesiasticam,
493 325 613 353 remoto
629 316 847 365 appellationis
863 318 969 353 obsta-

220 367 310 408 culo,
332 366 576 415 compescendo.

268 422 283 460 ᾗ
306 420 338 450 2.
362 415 396 451 Si
421 427 494 451 vero
516 415 625 463 aliqui,
649 415 801 451 haeretica
826 416 893 451 labe
914 428 969 462 pe-

221 465 308 500 nitus
328 465 480 506 abiurata,
508 465 610 500 redire
635 465 788 500 voluerint
809 466 846 500 ad
869 466 969 499 eccle-

220 514 376 549 siasticam
399 515 563 554 unitatem,
590 515 636 548 eis
659 515 742 550 iuxta
765 515 895 550 formam
914 514 970 549 Ec-

221 563 334 598 clesiae
371 563 580 600 absolutionis
616 563 805 599 beneficium
844 565 969 609 impen-

221 613 346 655 dentes,
380 614 547 660 iniungatis
568 613 707 653 eisdem,
739 613 822 660 quod
851 613 967 658 iniungi

222 661 337 697 talibus
362 664 538 698 consuevit.
559 662 690 697 Proviso
713 664 843 698 solerter
864 674 902 696 ne
923 663 968 697 si-

223 711 336 747 mulata
359 713 564 748 conversione
586 711 714 746 redeant
743 711 968 756 fraudulenter,

221 768 251 795 et
277 773 344 802 vos,
371 761 434 796 imo
457 762 563 809 potius
580 773 613 796 se
635 760 795 807 fallentes,
822 760 881 796 sub
897 761 967 807 agni

221 810 325 858 specie
347 819 457 857 gerant
483 811 605 859 lupum.

268 862 338 903 55.
365 859 458 902 Quod
480 861 505 895 si
537 859 626 901 forte,
657 859 740 907 quod
777 872 838 894 non
866 859 969 894 credi-

222 921 303 953 mus,
324 908 418 956 aliqui
433 910 663 956 cuiuscumque
678 909 868 944 conditionis
896 909 968 943 huic

222 959 346 1005 negotio
372 971 406 994 se
432 970 606 1006 opponere,
628 971 683 993 seu
707 958 782 992 illud
806 970 968 1005 praesum-

222 1007 343 1055 pserint
385 1008 583 1055 aliquatenus
624 1008 795 1055 impedire,
835 1010 878 1042 ut‘
906 1020 966 1042 non

221 1057 318 1103 possit
342 1069 398 1103 per
420 1069 473 1092 vos
501 1057 626 1106 procedi
649 1057 746 1092 libere
779 1057 808 1091 in
844 1057 967 1099 eodem,

220 1106 284 1141 imo
322 1106 383 1141 nisi
420 1119 492 1141 cum
534 1106 675 1153 requisiti
717 1106 849 1145 fuerint,
891 1105 965 1140 illud

220 1156 314 1191 ctiam
342 1157 479 1191 iuverint
511 1156 665 1195 studiose,
688 1166 794 1191 contra
825 1168 890 1195 eos,
918 1168 967 1189 se-

220 1204 359 1240 cundum
378 1206 557 1241 sanctiones
582 1205 762 1246 canonicas,
784 1205 893 1239 eadem
917 1217 969 1239 au-

220 1254 363 1290 ctoritate
387 1254 486 1290 libere
511 1254 697 1301 procedatis.

269 1307 285 1347 §
311 1306 344 1338 4.
368 1303 409 1339 Ut
430 1311 536 1339 autem
566 1304 722 1350 praedicta
747 1303 872 1349 possitis
900 1302 968 1337 uti-

223 1352 285 1388 lius
304 1361 337 1389 et
362 1352 493 1389 liberius
523 1365 678 1393 exercere,
702 1352 788 1388 vobis
815 1352 966 1398 largiendi

223 1402 331 1449 viginti
364 1403 411 1437 vel
433 1402 638 1450 quadraginta
660 1402 781 1437 dierum
804 1401 969 1446 indulgen-

223 1451 309 1493 tiam,
335 1452 460 1498 quoties
485 1460 698 1499 opportunum
725 1451 875 1494 videritis,
897 1441 990 1485 om-l

222 1500 318 1536 nibus
339 1512 411 1536 vere
434 1500 670 1548 poenitentibus
687 1509 718 1535 et
732 1499 896 1539 confessis,
915 1500 966 1546 qui

222 1549 260 1584 ad
288 1557 421 1585 vestram
452 1549 713 1597 praedicationem
749 1558 875 1597 propter
909 1549 968 1583 lioc

222 1598 396 1635 faciendam
411 1600 610 1641 accesserint,
626 1599 749 1646 plenam
762 1607 869 1633 tenore
884 1595 968 1645 prae-

222 1649 358 1684 sentium
380 1649 585 1684 concedimus
612 1656 806 1695 potestatem.
987 1655 990 1711 Ι

271 1701 286 1742 §
313 1700 346 1733 5.
381 1698 445 1733 Illis
466 1710 540 1733 vero
573 1699 626 1746 qui
650 1697 688 1732 ad
717 1697 989 1745 impugnandunr

223 1746 409 1793 haereticos,
437 1747 584 1790 fautores,
610 1755 822 1794 receptatores
854 1755 883 1781 et
914 1746 967 1780 de-

225 1796 365 1832 t'ensores
382 1809 505 1841 eorum,
523 1796 613 1831 vobis
627 1808 664 1830 ex
682 1797 787 1831 animo
806 1796 968 1839 auxilium,

225 1846 390 1881 consilium
419 1845 640 1893 praestiterint,
675 1845 719 1880 vel
753 1845 903 1889 favorem,
930 1845 969 1879 ‹le

224 1896 309 1930 omni
335 1896 450 1930 otentis
470 1894 529 1929 Dei
557 1894 782 1939 misericordia,
809 1903 838 1929 et
862 1894 969 1929 beato-

224 1957 293 1979 rum
314 1908 400 1980 §etri
422 1952 453 1978 et
474 1943 562 1979 Pauli
584 1944 798 1991 apostolorum
822 1944 891 1978 eius
912 1955 969 1978 au-

224 1994 366 2028 ctoritate
392 1992 518 2038 confisi,
546 2000 610 2027 tres
636 2005 735 2028 annos
761 1992 800 2028 de
830 1993 968 2028 iniuncta

225 2042 285 2078 sibi
307 2042 498 2090 poenitentia
525 2042 711 2077 relaxamus.
740 2042 778 2076 Et
803 2042 828 2076 si
857 2043 909 2089 qui
932 2055 969 2077 ex

226 2092 262 2127 iis
282 2092 321 2128 ad
349 2092 603 2140 prosecutionem
631 2091 812 2126 huiusmodi
839 2093 969 2137 negotii,

224 2150 331 2176 contra
355 2141 530 2189 praedictos
551 2141 736 2185 haereticos,
759 2141 906 2184 stratores,
926 2154 971 2176 re·
988 2168 991 2183 ι

225 2199 412 2239 ceptatores,
443 2191 491 2225 vel
518 2191 611 2225 etiam
633 2190 825 2231 defensores,
859 2203 968 2237 perso-

226 2240 338 2276 naliter
358 2240 481 2284 iverint,
507 2241 555 2275 eis
588 2240 728 2275 omnium
757 2248 969 2286 peccatorum,

226 2289 266 2325 de
301 2290 419 2338 quibus
452 2289 546 2324 corde
577 2290 722 2328 contriti,
753 2298 783 2324 et
816 2301 869 2324 ore
894 2301 970 2324 con—

227 2339 301 2375 fessi
323 2339 450 2383 tuerint,
474 2338 597 2385 plenam
616 2339 737 2373 veniam
759 2338 968 2385 indulgemus.

276 2393 292 2433 ἓ
317 2393 351 2424 6.
378 2387 608 2435 Compescendi
628 2400 766 2435 quoque,
796 2389 970 2422 monitione

230 2439 411 2489 praemissa,
446 2450 500 2485 per
521 2450 684 2473 censuram
716 2437 971 2481 ecclesiasticam,

228 2487 435 2535 appellatione
447 2487 629 2534 postposita,
639 2485 871 2521 praedicatores
880 2499 971 2534 quae-

229 2537 375 2581 stuarios,
401 2549 534 2584 quorum
562 2537 691 2571 interest
722 2544 840 2570 tantum
863 2536 970 2571 chari-

231 2587 321 2621 tativa
339 2586 478 2621 subsidia
499 2585 684 2633 simpliciter
712 2593 828 2631 petere,
854 2597 889 2620 ac
917 2586 971 2620 in—

230 2636 434 2682 dulgentiam,
460 2636 485 2670 si
509 2648 601 2682 quam
625 2635 702 2669 sorte
725 2633 851 2677 habent,
872 2647 973 2681 expo-

348 2692 420 2721 Ball.
439 2692 513 2721 Rom.
539 2692 590 2720 t‘ol.
613 2692 662 2720 III.
797 2691 832 2720 ’μί

1632 249 1701 283 585

1012 328 1096 357 nere,
1130 329 1144 351 a
1175 316 1414 361 praedicationis
1440 315 1558 355 officio,
1592 314 1676 362 quod
1711 313 1750 348 ad

1012 367 1097 413 ipsos
1119 365 1296 400 nullatenus
1326 367 1470 412 pertinet,
1506 364 1634 400 liberam
1664 363 1752 399 vobis

1010 415 1179 451 tribuimus
1205 415 1392 450 facultatem.
1421 415 1512 457 Quod
1542 415 1565 448 si
1593 413 1686 450 simul
1713 414 1751 449 iis

1010 478 1071 501 non
1092 464 1305 505 interfueritis,
1330 478 1412 499 unus
1434 476 1568 499 vestrum
1590 476 1624 499 ea
1641 463 1752 498 nihilo-

1011 515 1115 549 minus
1140 523 1321 561 exequatur.

1058 563 1170 599 Datum
1189 563 1330 598 Laterani
1347 563 1581 610 decimoquinto
1604 562 1752 597 kalendas

1009 613 1128 661 aprilis,
1145 614 1343 660 pontificatus
1359 613 1454 647 nostri
1473 625 1555 647 anno
1572 612 1750 647 undecimo.

1049 674 1108 705 Dat.
1128 675 1175 704 die
1194 675 1230 704 18
1246 675 1342 705 martii
1359 675 1444 711 1254,
1460 674 1560 714 pontif.
1583 683 1658 704 anno
1676 682 1713 703 u.

1297 824 1467 860 XXXVIII.

1010 907 1231 952 Inquisitorum
1257 908 1421 940 haereticae
1458 907 1621 951 pravitatis
1653 908 1754 951 facul-

1059 964 1105 990 tas
1130 957 1307 990 absolvendi
1337 969 1356 989 a
1387 958 1518 990 censuris
1549 957 1754 990 ecclesiasticis

1057 1007 1222 1050 confratres
1264 1007 1412 1039 societatis
1450 1007 1752 1050 Crucest‘ynatorum,

1053 1067 1111 1100 pro
1144 1062 1264 1088 sanctae
1287 1056 1494 1099 inquisitionis
1517 1056 1672 1100 praesidio
1704 1056 1754 1088 in-

1057 1106 1188 1142 stitutae,
1223 1112 1248 1137 et
1275 1105 1425 1138 nonnulla
1451 1106 1491 1138 eis
1513 1105 1635 1138 indulta
1657 1117 1755 1138 conce-

1056 1155 1157 1187 alendi.

1007 1233 1174 1261 Innocentius
1193 1232 1335 1268 episcopus
1353 1239 1448 1261 servus
1466 1240 1605 1262 servorum
1635 1233 1689 1266 Det.
1713 1232 1756 1261 ‹ti-

1051 1281 1133 1309 lectis
1151 1281 1216 1309 filiis
1234 1280 1369 1310 fratribus
1387 1283 1419 1311 de
1441 1282 1533 1311 ordine
1552 1282 1681 1311 minorum
1713 1282 1756 1311 ln-

1051 1329 1241 1365 quisitoribus.
1259 1331 1288 1359 et
1300 1330 1534 1360 praedicatoribus
1552 1331 1656 1364 Crucis.
1675 1337 1756 1368 super

1052 1379 1191 1408 haeretica
1209 1380 1347 1416 pravitate
1371 1387 1386 1408 a
1406 1381 1470 1409 Sede
1488 1381 1642 1417 apostolica
1674 1381 1755 1417 dopn-

1052 1429 1132 1462 tatis,
1150 1430 1269 1458 satutem
1285 1431 1314 1459 ot
1336 1430 1516 1466 apostolicam
1533 1430 1755 1461 benedictionem.

1058 1500 1098 1535 Ut
1121 1501 1198 1535 nihil
1230 1501 1318 1536 vobis
1340 1502 1432 1546 desit,
1464 1502 1546 1550 quod
1570 1502 1608 1538 ad
1640 1514 1756 1550 prose-

1008 1558 1193 1596 quutionem
1210 1552 1324 1597 negotii
1343 1560 1462 1586 vestrae
1480 1553 1753 1600 circumspectioni

1008 1600 1170 1635 commissi
1201 1602 1353 1648 pertinet,
1379 1602 1433 1636 sed
1470 1601 1545 1636 illud
1574 1603 1609 1636 vin
1644 1602 1755 1636 vestris

1010 1649 1167 1692 manibus,
1190 1660 1316 1685 auctore
1338 1651 1484 1692 Domino,
1503 1664 1651 1698 prospere
1677 1651 1756 1686 diri-

1009 1707 1111 1745 gatur,
1129 1699 1321 1741 absolvendi,
1337 1701 1420 1735 iuxta
1437 1700 1567 1735 sormam
1583 1700 1754 1743 Ecclesiae,

1010 1761 1120 1783 omnes
1147 1750 1199 1795 qui
1222 1758 1328 1784 contra
1357 1750 1537 1797 pravitatem
1565 1750 1752 1786 haereticam

1009 1798 1237 1844 assumpserint
1254 1799 1378 1845 signum
1401 1799 1514 1834 Crucis
1527 1798 1565 1834 ab
1585 1800 1754 1844 interdicti,

1009 1848 1226 1893 suspensionis
1240 1856 1269 1882 et
1283 1849 1616 1884 excommunicationis
1629 1859 1756 1886 senten-

1011 1896 1060 1930 tiis
1086 1897 1261 1938 canonicis;
1278 1907 1308 1933 et
1324 1898 1526 1946 dispensandi
1541 1911 1613 1934 cum
1632 1901 1755 1935 clericis

1009 1957 1104 1992 super
1121 1946 1410 1993 irregularitatibus,
1437 1948 1463 1983 si
1483 1961 1572 1996 quas,
1595 1950 1639 1984 sic
1659 1950 1754 1996 ligati,

1010 1995 1196 2031 celebrando
1218 1997 1321 2032 divina
1348 1997 1449 2032 officia
1470 2000 1701 2040 contraxerint;
1724 2009 1755 2034 et

1009 2046 1223 2080 commutandi
1248 2056 1314 2082 vota
1341 2047 1523 2082 eorumdem
1555 2050 1756 2095 crucesigna-

1011 2102 1112 2129 torum
1154 2095 1283 2139 (Terrae
1315 2096 1449 2132 Sanctae
1486 2107 1557 2132 voto
1590 2102 1754 2145 excepto),

1011 2156 1133 2178 necnon
1169 2154 1197 2179 et
1224 2147 1416 2181 concedendi
1445 2146 1591 2193 praefatis
1617 2148 1753 2182 crucesi=

1009 2194 1122 2239 gnatis,
1151 2203 1184 2228 ut
1218 2195 1278 2230 illis
1306 2198 1461 2242 gaudeant
1496 2196 1699 2242 indulgentiis
1725 2206 1752 2231 et

1012 2243 1192 2289 privilegiis,
1219 2257 1298 2291 quae
1333 2245 1558 2290 crucesignatis
1593 2247 1623 2279 in
1657 2246 1754 2293 ipsius

1010 2291 1124 2327 Terrae
1145 2292 1277 2328 Sanctae
1300 2294 1476 2329 subsidium
1499 2303 1571 2328 sunt
1592 2306 1753 2335 concessa,

1011 2349 1040 2376 et
1062 2342 1145 2388 quod
1165 2351 1305 2390 tempore
1323 2344 1479 2390 generalis
1502 2343 1655 2379 interdicti
1686 2357 1754 2391 pos·

1011 2391 1072 2425 sint
1099 2392 1249 2427 interesse
1271 2392 1386 2427 divinis
1411 2393 1532 2430 officiis.
1560 2401 1590 2428 et
1616 2394 1753 2441 recipere

1011 2450 1203 2476 sacramenta
1230 2442 1438 2477 ecclesiastica
1461 2443 1492 2477 in
1516 2444 1603 2483 locis,
1628 2444 1659 2478 in
1680 2443 1753 2491 qui-

1013 2490 1071 2524 bus
1097 2490 1199 2525 divina
1222 2491 1330 2526 eadem
1354 2504 1390 2526 ex
1413 2491 1533 2527 indulto
1554 2492 1648 2528 Sedis
1670 2494 1754 2541 Apo·

1011 2539 1138 2574 stolicae
1171 2540 1386 2582 celebrantur;
1421 2541 1570 2589 quodque
1601 2543 1662 2589 ipsi
1690 2555 1752 2578 non

1012 2597 1176 2624 teneantur
1208 2590 1244 2624 ad
1273 2591 1497 2626 restitutionem
1527 2591 1751 2639 acquisitorum

990 2639 1135 2694 'illicita
1173 2639 1197 2673 si
1239 2640 1297 2674 lioc
1335 2640 1461 2687 publice
1498 2642 1659 2688 proposito
1697 2655 1753 2690 per

1431 2711 1444 2724 μ

1767 258 1816 284 An.
1837 254 1863 281 C.
1880 257 1947 282 ¹25st
