2129 3223
44 237 93 265 An.
110 236 139 264 C.
159 236 224 264 ¹2⁶1

240 302 376 338 quorum
399 289 579 326 huiusmodi
606 289 763 324 licentiam
791 301 853 325 non
876 298 987 325 exten-

239 340 324 375 dant.
361 339 394 374 ln
429 339 506 374 locis
538 351 610 374 vero
638 338 761 379 dubiis,
801 347 830 373 et
861 348 987 386 propter

240 388 356 424 viarum
380 388 517 436 pericula
550 389 672 435 possint
705 388 744 422 ob
771 388 984 424 rationabilem

239 449 365 473 causam
387 437 426 472 dc
453 437 501 472 sui
529 438 656 472 maioris
683 437 748 472 sive
777 438 901 483 praelati
932 450 986 472 vo-

239 487 357 522 luntate
377 486 571 521 defensionis
596 498 681 520 arma
704 486 825 520 occulte
853 486 984 522 deferre.

285 535 306 583 S
334 538 390 570 11.
418 535 563 570 Ieiuuent
585 535 694 570 fratres
720 535 749 569 in
778 535 986 569 omnibusio-

66 583 202 606 ⁰⁶¹'¹⁸¹¹‘⁵¹'·
237 584 332 620 iuniis
363 584 402 619 ab
423 584 564 619 Ecclesia
587 584 748 624 institutis,
782 584 927 619 videlicet
954 585 983 618 in

236 633 346 669 maiori
375 633 627 680 quadragesima,
651 633 680 667 in
704 642 838 680 quatuor
861 641 985 680 tempo-

236 682 336 724 ribus,
359 683 390 717 in
414 682 524 729 vigiliis
541 682 778 729 Assumptionis
804 682 842 716 B.
868 682 983 717 Mariae

234 730 373 778 Virginis
392 740 422 767 et
449 731 685 779 Apostolorum,
713 731 851 777 exceptis
871 732 983 777 vigiliis

235 779 398 816 b‘eatorum
432 780 535 815 lacobi
571 788 601 815 et
635 780 784 827 Philippi.
808 780 843 814 In
870 781 983 826 vigiliis

233 841 362 877 quoque
388 829 588 865 festivitatum
611 828 763 863 Omnium
780 829 981 870 Sanctorum,

232 878 266 913 S.
281 878 441 914 Laurentii
471 888 501 914 et
522 878 603 913 beati
616 877 741 913 Ioannis
756 878 926 925 Baptistae.
947 879 981 913 ln

231 927 468 975 quadragesima
512 927 619 962 Sancti
669 927 791 962 Martini
840 928 982 963 ieiunent

230 985 341 1024 quarta
363 985 395 1012 et
428 981 514 1012 sexta
540 976 613 1011 feria
643 976 810 1011 cuiuslibet
832 978 981 1023 septima-

230 1038 300 1068 nae,
323 1038 423 1074 usqne
444 1026 481 1061 ad
505 1026 639 1072 primam
659 1026 849 1061 dominicam
866 1026 905 1060 de
919 1026 982 1060 Ad-

229 1082 338 1117 ventu,
359 1087 396 1110 ac
418 1074 532 1110 deinde
551 1075 691 1109 ieiunent
706 1074 839 1120 singulis
856 1075 980 1120 diebus,

233 1136 333 1172 usque
354 1124 391 1160 ad
415 1124 529 1159 festum
550 1123 667 1158 Natalis
694 1123 840 1162 Domini.-
862 1124 891 1158 in
909 1126 981 1170 qui-

233 1172 293 1208 bus
306 1173 417 1221 utique
433 1173 545 1208 diebus
562 1173 640 1207 cibis
655 1173 980 1219 quadragesimalibus

45 1226 134 1255 ouum
170 1233 217 1263 §²⁰¹⁰
231 1234 358 1270 semper
379 1230 518 1257 utantur.
548 1221 723 1256 Occasione
752 1234 824 1256 vero
848 1222 981 1256 infirmi-

33 1258 218 1316 iillllssn‘l'l'ss'f'
232 1271 303 1306 tatis
330 1279 384 1306 aut
402 1271 536 1306 alicuius
558 1271 686 1305 alterius
701 1271 898 1306 necessitatis
918 1283 979 1306 non

232 1328 397 1356 tencantur
419 1320 529 1356 fratres
552 1320 590 1354 ad
620 1320 771 1355 ieiunium
799 1320 979 1366 corporale;

230 1369 260 1404 in
287 1369 350 1404 illis
374 1378 479 1405 autem
503 1369 644 1410 ieiuniis,
669 1381 750 1415 quae
776 1369 815 1403 ab
836 1369 978 1404 Ecclesia

229 1418 370 1453 instituta
397 1431 460 1453 non
475 1426 560 1462 sunt,
582 1419 750 1453 occasione
767 1417 895 1461 laboris,
922 1431 977 1452 seu

228 1466 398 1502 debilitatis
434 1467 480 1502 vel
518 1467 720 1505 minutionis,
759 1475 813 1501 aut
845 1467 979 1501 alicuius

228 1516 447 1561 solemnitatis,
462 1528 518 1551 seu
535 1528 572 1550 ex
585 1515 643 1550 alia
656 1516 737 1550 iusta
759 1527 864 1559 causa,
881 1516 978 1563 possit

229 1564 386 1612 praelatus
412 1577 484 1600 cum
509 1565 658 1599 fratribus
686 1565 879 1611 dispensare.

276 1614 297 1661 S
320 1616 376 1648 12.
398 1614 493 1649 Nullo
515 1626 587 1648 vero
625 1621 766 1661 tempore
806 1613 858 1648 die
886 1614 978 1649 lunae

227 1672 281 1698 aut
307 1663 358 1697 die
385 1663 533 1698 mercurii
569 1675 679 1697 carnes
713 1663 922 1697 comedantur
961 1675 977 1697 a

228 1710 375 1747 fratribus
403 1712 433 1746 in
457 1720 632 1750 conventu,
659 1711 718 1745 nisi
754 1711 831 1746 forte
857 1711 978 1745 Nativi-

229 1760 299 1795 tatis
324 1759 465 1805 Domini,
491 1769 544 1796 aut
566 1760 625 1794 alia
651 1760 801 1794 solemnis
826 1760 977 1794 festivitas

227 1816 410 1844 occurreret
444 1809 495 1843 tali
532 1809 601 1848 die;
635 1808 666 1842 in
700 1808 751 1842 die
783 1808 934 1842 sabbatho
960 1821 977 1843 a

227 1857 375 1893 carnibus
396 1866 426 1893 et
447 1857 535 1893 lardo
570 1865 600 1892 et
622 1856 775 1902 sagimine
801 1856 977 1891 abstineant

227 1907 378 1949 omnino,
404 1919 463 1942 nec
493 1914 620 1941 utantur
647 1906 756 1940 fratres
786 1914 873 1941 sexta
900 1906 976 1941 feria

227 1956 295 1992 ovis
316 1956 363 1990 vel
390 1955 566 1997 lacticiniis,
589 1955 649 1989 nisi
674 1955 758 2000 prior
791 1955 855 1989 sive
880 1967 977 2002 prae-

226 2004 310 2040 latus
341 2016 380 2039 ex
412 2005 515 2052 aliqua
549 2005 630 2038 iusta
662 2015 756 2038 causa
789 2016 886 2051 super
918 2005 976 2039 hoc

229 2053 340 2088 viderit
360 2053 426 2089 fore
448 2065 521 2088 cum
543 2052 700 2099 aliquibus
716 2053 974 2100 dispensandum.

145 2140 150 2144 ,
276 2102 297 2149 S
319 2105 375 2137 15.
404 2101 517 2137 Clerici
533 2102 637 2136 divina
652 2101 750 2136 officia
764 2102 910 2137 studeant
923 2114 976 2138 ce—

33 2149 368 2204 ,ἲᾞζΡῐζζῑζΙεΙππει
396 2152 446 2186 alii
473 2163 546 2186 vero
577 2150 706 2195 fratres,
733 2151 786 2197 qui
811 2163 873 2185 non
903 2158 976 2186 sunt

33 2189 152 2235 maloin·
176 2188 333 2241 fenclerici
358 2208 390 2235 et
420 2201 525 2235 sciunt
544 2200 658 2246 legere,
680 2199 797 2241 dicant,
819 2201 845 2234 si
869 2200 975 2235 volue-

34 2241 216 2270 ‘¹⁶¹¹‘⁰¹·‘⁸⁰¹⁸'
229 2249 313 2291 rint,
345 2248 493 2293 Officium
528 2248 638 2283 beatae
675 2248 790 2284 Mariae
817 2248 974 2295 Virginis3

229 2297 366 2346 alioquin
385 2306 447 2333 tam
469 2298 506 2341 ii,
528 2308 621 2344 quam
645 2296 701 2341 illi,
727 2298 779 2343 qui
795 2298 897 2343 legere
920 2310 975 2332 ne-

229 2346 342 2392 sciunt,
360 2346 465 2383 dicant
483 2358 539 2394 pro
553 2346 714 2380 matutinis
729 2347 894 2381 duodecim
909 2348 975 2381 Pa-

229 2402 274 2430 ter
293 2404 393 2431 noster
406 2408 476 2431 cum
493 2395 621 2430 totidem
644 2397 707 2429 Ave
725 2396 844 2435 Maria,
866 2403 897 2430 et
920 2408 975 2442 pro

231 2445 368 2492 vesperis
383 2446 527 2480 similiter
541 2444 646 2479 dicant
666 2444 806 2479 totidem.
826 2445 888 2479 Pro
903 2457 976 2491 qua-

229 2492 306 2528 libet
318 2505 391 2529 vero
405 2494 536 2529 aliarum
550 2493 697 2528 horarum
708 2519 716 2534 ,
730 2493 851 2527 scilicet
866 2494 974 2539 prima,

229 2541 332 2587 tertia,
353 2551 452 2588 sexta,
479 2554 560 2578 nona
586 2551 615 2577 et
638 2541 843 2588 completorio
871 2542 976 2576 dicant

229 2598 352 2639 septem
373 2593 467 2627 Pater
479 2599 578 2627 noster
591 2599 620 2626 et
634 2591 753 2638 septies
773 2593 838 2625 Ave
857 2592 975 2636 Maria,

70 1667 100 1690 Dc
114 1668 169 1689 cibo.

33 2273 91 2296 §tono
103 2273 197 2296 tranum.

874 235 1019 259 URBANUS
1041 235 1074 258 tv
1097 236 1143 259 ΡΡ.

1657 228 1727 262 679

1027 298 1058 325 et
1076 302 1187 325 omnes
1209 290 1317 326 fratres
1339 292 1464 327 missam
1487 292 1628 340 audiant,
1650 295 1675 329 si
1692 307 1778 331 eom·

1027 339 1118 374 mode
1143 347 1300 386 poterunt,
1334 342 1417 376 omni
1445 342 1506 377 die.

1075 389 1095 435 g
1120 391 1174 423 14,
1203 389 1242 424 Et
1264 401 1335 424 cum
1369 400 1493 437 peccata
1517 392 1547 426 in
1565 391 1774 429 Confessione

1027 438 1179 478 laventur,
1207 451 1317 474 omnes
1336 440 1443 475 fratres
1462 441 1609 476 studeant
1629 443 1772 478 confiteri

1027 487 1206 533 frequenter
1231 496 1261 522 ct
1295 501 1389 535 pure,
1422 501 1458 524 ac
1484 498 1530 525 ter
1553 490 1591 525 ad
1615 492 1721 527 minus
1743 493 1773 527 in

1025 548 1120 580 anno,
1148 536 1292 572 videlicet
1321 538 1349 571 in
1373 538 1591 575 festivitatibus
1612 540 1730 576 Natalis
1744 550 1774 576 et

1027 585 1278 620 Resurrectionis
1312 585 1439 622 Domini
1475 601 1511 623 ac
1550 589 1773 632 pentecostes,

1026 634 1277 675 Eucharistiam‚
1318 635 1437 671 scilicet
1479 637 1606 685 Corpus
1643 639 1771 676 Domini

1025 684 1121 718 nostri
1151 683 1221 719 lesu
1248 684 1385 724 Christi,
1415 686 1492 721 facta
1520 688 1608 734 prius
1634 689 1771 734 generali

1024 731 1242 774 consessione,
1252 746 1323 768 cum
1333 735 1418 769 omni
1433 735 1599 771 devotione
1609 738 1772 785 recipiant,

1017 782 1082 816 nisi
1114 781 1192 817 forte
1219 783 1333 830 aliquis
1360 784 1399 818 de
1421 785 1469 819 sui
1496 785 1624 831 praelati
1647 786 1771 821 licentia

1023 842 1060 864 ex
1082 830 1186 878 aliqua
1213 831 1293 867 iusta
1323 844 1417 868 causa
1444 834 1504 869 hoc
1525 834 1652 870 duxerit
1672 835 1772 871 diffe-

1022 879 1165 915 rendum.
1459 916 1462 917 γ

1070 929 1089 975 S
1122 932 1173 964 15.
1197 928 1336 965 Caveant
1362 943 1474 966 omnes
1508 932 1617 968 fratres
1652 945 1691 968 ne
1718 946 1771 968 va-

1021 977 1096 1012 dant
1129 978 1168 1013 ad
1203 979 1346 1014 convivia
1379 980 1512 1015 militum
1555 993 1611 1016 seu
1638 982 1771 1018 aliarum

1021 1026 1231 1062 saecularium
1254 1040 1472 1075 personarum,
1496 1038 1550 1065 aut
1571 1030 1609 1065 ad
1633 1032 1770 1078 nuptias,

1020 1087 1074 1110 scu
1102 1076 1141 1111 ad
1172 1076 1276 1123 aliqua
1303 1079 1480 1124 spectacula
1509 1079 1691 1122 inhonesta;
1719 1081 1771 1115 hi-

1020 1124 1193 1160 strionibus
1216 1138 1277 1160 non
1300 1126 1417 1162 donent
1438 1127 1570 1174 aliquid,
1594 1141 1652 1164 nec
1670 1141 1685 1163 a
1705 1130 1770 1164 suis

1022 1173 1227 1209 familiaribus
1277 1175 1385 1210 donari
1430 1176 1560 1212 faciant:
1601 1178 1631 1212 in
1671 1179 1770 1214 triviis

1020 1227 1072 1257 aut
1091 1223 1265 1269 porticibus
1287 1236 1372 1259 more
1407 1225 1616 1261 saecularium
1646 1227 1676 1261 in
1703 1228 1770 1262 col-

1021 1272 1136 1319 loquiis
1158 1285 1219 1307 non
1252 1282 1435 1318 morentur,
1467 1275 1617 1322 quoniam
1650 1288 1687 1311 ex
1709 1276 1769 1311 boc

1021 1321 1184 1367 religiosae
1212 1322 1292 1356 vitae
1324 1322 1472 1358 honestas
1498 1332 1530 1359 et
1556 1324 1636 1358 fama
1664 1333 1770 1372 posset

1021 1382 1082 1404 non
1105 1370 1267 1404 modicum
1294 1370 1461 1416 denigrari.

1067 1419 1087 1465 g
1122 1421 1177 1454 16.
1211 1418 1281 1453 Non
1309 1420 1460 1466 recipiant
1492 1420 1592 1456 officia
1627 1422 1769 1469 publica,

1019 1467 1138 1502 scilicet
1173 1468 1358 1515 potestarias
1385 1469 1541 1505 civitatum
1579 1470 1623 1505 vel
1650 1480 1770 1506 castro-

1020 1529 1101 1557 rum,
1124 1517 1297 1552 aliorumve
1324 1517 1484 1560 locorum,
1510 1526 1564 1553 aut
1590 1519 1675 1554 aliud
1698 1520 1770 1556 offi-

1018 1565 1120 1610 cium,
1147 1566 1231 1613 quod
1259 1567 1413 1613 pertineat
1439 1567 1477 1602 ad
1501 1580 1683 1610 commune,
1712 1581 1769 1604 nec

1017 1616 1175 1650 associent
1196 1615 1318 1662 aliquos
1346 1616 1522 1663 aliquorum
1545 1616 1688 1652 locorum
1717 1630 1768 1653 re-

1017 1664 1133 1708 gimina
1155 1673 1356 1705 exercentes;
1383 1677 1446 1699 non
1480 1665 1543 1700 sint
1570 1666 1608 1701 de
1635 1666 1767 1702 consilio

1018 1712 1192 1754 civitatum,
1220 1724 1276 1747 seu
1307 1712 1488 1760 aliquorum
1513 1714 1647 1750 aliorum
1677 1715 1766 1750 loco-

1017 1772 1086 1794 rum
1133 1769 1186 1796 aut
1216 1761 1351 1808 partium
1383 1762 1557 1809 aliquarum
1585 1764 1616 1798 in
1645 1763 1766 1799 eisdem

1017 1810 1195 1845 civitatibus
1228 1810 1276 1845 vel
1306 1810 1384 1845 locis
1406 1812 1466 1846 sibi
1502 1811 1637 1847 invicem
1659 1812 1768 1848 adver-

1017 1859 1165 1899 santium,
1194 1870 1251 1893 nec
1272 1867 1344 1894 eant
1365 1860 1402 1894 ad
1420 1860 1603 1896 huiusmodi
1625 1861 1766 1902 consilia,

1018 1907 1075 1941 nisi
1103 1919 1159 1954 pro
1195 1909 1321 1953 negotio
1354 1908 1426 1943 fidei
1459 1909 1508 1944 vel
1535 1909 1765 1946 ecclesiasticae

1017 1955 1186 2000 libertatis,
1217 1966 1270 1991 aut
1302 1970 1357 2004 pro
1384 1957 1467 1992 bono
1501 1958 1599 2005 pacis,
1631 1971 1686 1995 seu
1710 1971 1767 2006 pro

1015 2003 1086 2039 aliis
1107 2005 1259 2052 operibus
1278 2006 1412 2052 pietatis,
1436 2006 1483 2042 vel
1505 2007 1653 2043 mandato
1673 2007 1767 2043 Sedis

1015 2053 1217 2100 Apostolicae
1236 2055 1376 2101 speciali;
1398 2055 1521 2091 nullum
1547 2056 1765 2103 potestatibus,

1015 2114 1072 2136 scu
1115 2103 1288 2138 rectoribus
1333 2105 1495 2139 civitatum
1533 2117 1589 2140 seu
1624 2105 1764 2140 locorum

1015 2163 1294 2200 quorumcumque
1321 2153 1455 2188 aliorum
1483 2153 1651 2188 exhibeant
1682 2154 1765 2189 iura-

1015 2207 1168 2242 mentum,
1192 2209 1251 2235 eta
1270 2214 1472 2248 quocumque
1495 2202 1555 2237 alio
1577 2203 1764 2242 iuramento,

1015 2258 1166 2294 quantum
1202 2262 1272 2284 cum
1312 2250 1379 2286 Deo
1414 2258 1579 2297 poterunt,
1619 2251 1764 2286 studeant

1014 2298 1180 2332 abstinere.

1063 2346 1083 2392 5
1124 2350 1178 2380 17.
1217 2345 1336 2382 Electio
1375 2347 1589 2382 conventualis
1635 2348 1761 2395 praelati

1015 2402 1135 2441 spectet
1170 2395 1207 2429 ad
1246 2395 1356 2430 fratres
1384 2396 1608 2431 conventuales
1640 2405 1762 2432 tantum

1015 2444 1080 2490 qui,
1094 2444 1172 2478 facta
1191 2444 1397 2490 professione,
1416 2445 1447 2479 in
1459 2445 1667 2480 conventibus
1680 2458 1765 2481 com-

1015 2501 1189 2534 morentur,
1213 2505 1270 2527 nec
1291 2493 1413 2540 possint
1446 2494 1513 2540 ipse
1546 2495 1763 2530 conventualis

1791 239 1839 267 An.
1859 240 1885 266 C.
1908 241 1969 267 ¹26¹

1801 405 1830 426 Do
1850 405 1973 426 flauressie-

1765 443 1771 449 ·
1787 441 1814 456 ne
1835 439 1855 456 et
1874 436 1972 457 Commu-

1787 468 1860 488 nlent-

1797 940 1854 966 Quse
1887 941 1912 960 ab
1943 947 1968 961 ni

1785 972 1826 992 sint
1841 971 1944 997 fugienda.

1789 2347 1819 2368 De
1855 2347 1961 2370 electione

1777 2384 1854 2405 prioris
1870 2384 1960 2400 convon-

1777 2409 1845 2429 tuellis.

1017 2541 1062 2576 vel
1081 2541 1239 2587 generalis
1262 2543 1437 2589 praelatus,
1463 2551 1517 2578 aut
1538 2542 1648 2579 fratres
1665 2544 1761 2591 aliqui
1792 2542 1793 2545 ’

1016 2590 1239 2626 conventuales
1268 2599 1321 2625 aut
1339 2591 1389 2626 alii
1413 2591 1561 2631 vendere,
1577 2592 1761 2635 distrahere,
