2129 3223
75 253 124 281 An.
146 252 173 280 C.
191 253 256 282 tiss
914 251 1024 276 Lucios

271 322 343 346 cura
366 309 493 358 quidem
516 309 678 357 episcopo,
715 309 801 344 vobis
836 317 938 344 autem
975 308 1013 344 de

270 359 493 406 temporalibus
519 359 650 394 debcant
674 358 873 406 respondere.

317 409 481 444 Praeterea
520 408 690 456 apostolica
724 409 908 444 auctoritate
949 417 1013 443 sta-

87 463 239 485 ·*m'ssfflmv
269 458 401 499 mimus,
445 468 474 493 ut
512 458 544 495 in
581 458 777 493 monasteriis
815 457 1010 496 monialium.

71 496 253 547 sigliis-2353:
265 520 346 555 quae
361 515 462 543 vestro
483 508 628 553 regimini
645 508 811 542 commissa
829 514 1010 545 noscuntur,

69 557 252 608 22:⁸c2ss'gl‘jg'ffi
266 557 490 593 decedentibus
516 556 692 591 abbatissis.
715 557 773 591 alia
789 568 858 591 cum
876 556 1010 591 concilio

70 614 293 642 ...enuntiatum
328 619 458 642 assensu
500 606 621 642 abbatis
655 615 685 641 et
719 606 848 641 fratrum
875 606 928 653 qui
963 606 1010 640 eis

68 650 250 701 ‘‡,„¹‚'.L'.‡„'¹”¹Jss⁶,]
265 657 439 692 necessaria
461 655 642 703 provident,
665 656 875 691 communiter
902 667 918 688 a
957 667 1009 689 so-

68 716 156 746 r⁰¹²¹¹02¹
204 713 248 732 fieri
264 705 386 740 roribus
423 705 575 751 eligatur,
617 715 667 740 aut
703 705 814 739 electio
853 704 1005 739 celebrata

67 743 131 763 ’ΒΜ
262 755 363 791 abbati
387 762 647 801 repraesentetur,
671 762 701 789 ut
730 766 787 788 suo
806 766 935 789 assensu
978 762 1004 787 et

263 804 364 840 favore
395 805 566 852 episcopis,
605 806 634 838 in
676 803 1007 850 quorumepiscopa-

261 854 344 889 tibus
380 862 587 901 permanent,
640 853 843 900 postmodum
894 852 1002 887 debeat

261 904 446 948 praesentari
470 903 681 938 confirmanda
707 902 751 937 vel
787 902 1002 948 improbanda.

77 955 245 992 '’²‘⁵0¹²³,⁵⁰¹⁶‚·
258 953 340 988 Sane
361 954 386 988 si
421 952 552 988 consilio
590 960 618 987 et
655 965 782 987 assensu
818 951 941 986 abbatis
974 961 1001 985 et

63 992 245 1046 Zisswssllssl'l's'fi
257 1002 386 1038 fratrum
405 1003 458 1049 qui
482 1002 595 1037 habent
622 1002 684 1036 illis
720 1001 894 1036 necessaria
931 1013 1003 1048 pro-

62 1049 244 1102 ss:?·¹‘''‡:i'·nh¹¹‘ej
259 1052 375 1096 videre,
388 1052 574 1087 electionem
600 1051 752 1086 moniales
773 1062 834 1085 non
862 1050 1002 1091 fecerint,

62 1096 307 1136 dioniiametsuh-aut
330 1101 441 1137 electio
462 1101 617 1136 celebrata
648 1100 750 1136 abbati
786 1110 862 1135 tunc
901 1108 1002 1134 vestro

61 1144 244 1196 ᾆζζῇζῖᾓῗῗηξξξζ
257 1159 485 1198 repraesentata
522 1162 584 1185 non
625 1150 727 1184 suerit.
770 1149 848 1184 nulli
878 1149 1002 1195 episco-

61 1210 101 1229 ¹¹¹⁷·
115 1205 242 1240 senefiam
258 1212 369 1245 porum
405 1200 492 1234 liceat
530 1211 678 1245 personas
715 1198 845 1242 electas,
883 1198 1001 1245 absque

61 1236 165 1262 ’'⁰⁵'h‘l
253 1249 341 1284 ‚illius
367 1249 662 1295 repraesentatione,
693 1247 889 1290 benedicere,
921 1259 1000 1294 quae

256 1297 384 1345 quidem
416 1298 474 1344 ipsi
515 1297 618 1332 abbati
656 1304 756 1331 vestro
789 1295 998 1331 obedientiam

74 1349 283 1394 'effusuri-et
328 1346 554 1382 subiectionem
604 1346 793 1393 promittant.
837 1345 883 1379 Ad
924 1345 1000 1380 haec

59 1384 242 1435 25:³512ssl2‘m‘5'5
256 1397 410 1443 praesenti
433 1396 558 1430 decreto
590 1395 760 1438 sancimus,
799 1401 832 1428 ut
865 1393 1000 1429 alicuius

58 1449 188 1497 fffficssffl·
200 1446 240 1497 Ἓξ
255 1445 433 1480 monasterii
470 1457 530 1480 non
571 1444 726 1491 cogamini
762 1442 918 1489 regimen,
951 1443 997 1478 vel

57 1483 134 1529 (emeli
166 1483 239 1535 ‹iugo-
252 1494 552 1529 administrationem
577 1494 607 1527 in
632 1502 818 1539 perpetuum
846 1493 998 1540 recipere,

57 1540 238 1592 ζξῗζηῷἳξῗῐζ
253 1543 311 1578 nisi
339 1543 462 1591 plenam
487 1542 662 1578 facultatem
691 1542 864 1577 habueritis
893 1542 997 1589 ipsum

57 1602 236 1627 ‘'tuisconveiai-
252 1593 475 1628 monasterium
495 1592 670 1628 secundum
699 1600 813 1627 statuta
836 1592 928 1626 vestri
945 1604 998 1626 or-

251 1642 336 1677 dinis
355 1642 556 1689 disponendi,
579 1642 706 1689 pariter,
729 1650 758 1676 et
788 1640 995 1687 gubernandi.

55 1694 237 1746 ‘2232222322
249 1690 395 1727 Obeunte
424 1704 494 1726 vero
509 1701 550 1730 te,
574 1703 657 1725 nunc
678 1690 818 1725 eiusdem
846 1690 904 1724 loci
935 1691 997 1725 ab-

54 1757 100 1777 an..
122 1755 142 1775 r.
167 1755 236 1777 nene·
250 1740 332 1786 bate,
360 1741 404 1776 vel
439 1749 562 1775 tuorum
598 1740 737 1787 quolibet
765 1751 996 1781 successorum,

53 1787 104 1807 dicti
143 1785 235 1812 regulam

53 1818 78 1838 ad
120 1817 236 1838 nionaclios

53 1851 150 1873 specum
175 1851 304 1874 man-seu
350 1839 496 1874 violentia
544 1847 767 1886 praeponatur,
806 1838 864 1873 nisi
901 1851 994 1886 quern

52 1879 64 1899 ⁶
80 1881 94 1898 '⁴
249 1888 360 1924 fratres
380 1901 540 1924 communi
563 1900 732 1929 consensu,
756 1888 801 1922 vel
825 1900 895 1935 pars
916 1900 996 1923 con-

249 1937 310 1973 silii
352 1939 502 1983 sanioris,
535 1937 708 1973 secundum
749 1938 893 1973 timorem
937 1937 993 1972 Dei

249 1995 279 2022 et
305 1987 387 2022 beati
426 1987 587 2023 Benedicti
626 1987 764 2034 regulam
802 1986 996 2034 providerint

248 2036 443 2081 eligendum.

296 2086 507 2121 Decet-nimus
546 2097 633 2132 ergo,
671 2094 703 2121 ut
749 2085 825 2120 nulli
867 2085 996 2120 omnino

53 2135 159 2189 τζξξζξξ
181 2135 412 2188 emghominum
436 2135 527 2169 liceat
557 2135 727 2182 praefatum
767 2137 994 2170 monasterium

53 2198 171 2220 etam-utne.
248 2193 364 2220 temere
393 2183 590 2232 perturbare,
612 2193 664 2219 aut
685 2186 756 2220 eius
780 2187 997 2231 possessiones

246 2234 381 2277 auferre,
416 2233 462 2268 vel
505 2233 621 2268 ablatas
662 2238 812 2275 retinere,
840 2236 995 2273 minuere,

246 2295 301 2319 seu
319 2282 514 2330 quibuslibet
537 2283 753 2318 vexationibus
771 2283 911 2329 fatigare⁷
939 2283 995 2318 sed

248 2332 365 2368 illibata
391 2333 496 2368 omnia
535 2340 565 2365 et
604 2334 720 2378 integra
749 2342 995 2371 conserventur,

247 2393 357 2417 eorum
387 2394 444 2429 pro
465 2391 598 2429 quorum
625 2381 853 2427 gubernatione
880 2390 910 2417 et
940 2394 996 2416 su-

246 2433 436 2467 stentatione
457 2442 604 2466 concessa
635 2441 718 2469 sunt,
755 2432 862 2466 usibus
889 2433 996 2466 omni—

248 2480 350 2516 modis
376 2480 552 2528 prol'utura.
574 2479 656 2514 salva
677 2478 919 2528 Salspurgensis
938 2492 996 2515 ar-

247 2529 440 2578 chiepiscopi
459 2531 608 2565 canonica
624 2532 808 2574 reverentia,
825 2533 876 2565 cui
891 2537 996 2564 tamen

247 2582 378 2615 omnino
404 2591 466 2614 non
495 2580 586 2614 liceat
612 2581 807 2614 vexationem
841 2579 996 2627 aliquam,

247 2630 297 2664 vel
308 2629 568 2664 consuetudinem
579 2656 586 2669 ,
597 2640 677 2675 quae
697 2629 882 2674 regularium
899 2630 995 2676 quieti

250 1790 356 1826 nullus
382 1790 424 1825 ibi
454 1790 592 1837 qualibet
623 1790 831 1836 surreptionis
883 1791 1017 1826 astutia,

1706 251 1751 281 27

1055 319 1175 348 noceat.
1198 310 1343 357 irrogare.
1373 312 1406 347 Si
1425 325 1484 360 qua
1500 313 1595 359 igitur
1609 315 1639 349 in
1659 315 1797 351 futurum

1053 358 1261 395 ecclesiastica
1278 362 1483 397 saecularisve
1493 375 1636 410 persona,
1652 364 1731 400 banc
1746 378 1799 401 no-

1053 416 1134 443 strae
1156 409 1390 445 constitutionis
1400 412 1544 458 paginam
1557 413 1673 455 sciens,
1688 423 1795 450 contra

1052 469 1119 492 eam
1148 466 1265 493 temere
1293 460 1397 495 venire
1436 462 1608 501 tentaverit,
1643 464 1795 505 secundo,

1052 508 1180 543 tertiove
1201 509 1404 546 commonita.
1428 510 1487 544 nisi
1505 514 1794 559 praesumptionem

1051 568 1139 592 suam
1163 557 1256 604 digna
1276 558 1488 595 satisfactione
1511 563 1691 602 correxerit,
1709 571 1795 610 pote-

1049 607 1137 641 statis
1152 607 1342 654 honorisque
1364 609 1411 642 sui
1439 609 1588 655 dignitate
1605 621 1719 652 careat,
1747 625 1796 648 rc—

1049 667 1162 703 amque
1180 668 1213 691 se
1235 656 1342 692 divino
1365 658 1479 693 iudicio
1501 660 1635 695 existere
1662 661 1700 696 de
1724 669 1795 709 pe‘r-

1049 713 1164 751 petrata
1193 706 1356 753 iniquitate
1385 717 1565 753 cognoscat,
1592 717 1621 743 et
1639 722 1655 744 a
1685 723 1795 745 sacra-

1048 755 1169 790 tissimo
1191 755 1332 803 Corpore
1352 765 1381 791 et
1404 756 1563 803 Sanguine
1590 758 1648 793 Dei
1670 768 1699 794 et
1727 761 1795 796 Do-

1048 805 1123 838 mini
1156 805 1377 852 Redemptoris
1419 807 1522 841 Nostri
1571 807 1639 843 Iesu
1678 809 1793 845 Christi

1046 853 1146 889 aliena
1170 855 1234 900 fiat,
1272 864 1364 902 atque
1403 856 1432 890 in
1473 864 1613 891 extremo
1652 860 1793 894 examine

1025 903 1204 939 {districtae
1222 904 1331 939 ultioni
1358 905 1527 941 subiaceat.
1567 905 1700 943 Cunctis
1735 922 1792 943 au-

1024 960 1106 987 ‘tem
1135 954 1236 989 eidem
1266 954 1334 989 loco
1357 967 1411 989 sua
1440 956 1505 990 iura
1533 957 1732 992 servantibus
1754 959 1791 993 sit

1023 1020 1024 1027 ¹
1046 1015 1102 1048 pax
1117 1002 1244 1038 Domini
1268 1004 1371 1039 Nostri
1400 1004 1470 1040 lesu
1489 1004 1621 1047 Christi,
1635 1015 1792 1053 quatenus

1043 1061 1072 1086 et
1101 1053 1150 1086 hic
1173 1053 1307 1088 fructum
1337 1054 1435 1089 bonae
1453 1055 1583 1089 actionis
1609 1057 1792 1104 percipiant,

1044 1110 1073 1135 et
1095 1101 1176 1148 apud
1199 1102 1374 1137 districtum
1401 1103 1540 1138 Iudicem
1570 1106 1704 1152 praemia
1737 1119 1792 1142 ae·

1043 1159 1149 1185 ternae
1171 1152 1256 1198 pacis
1279 1152 1447 1187 inveniant.
1474 1153 1587 1188 Amen.

1091 1200 1161 1235 Eoo
1184 1201 1302 1236 Luctus
1328 1200 1498 1237 catholicae
1525 1202 1683 1239 Ecclesiae
1721 1205 1790 1252 epi-

1020 1255 1023 1303 ξ
1042 1261 1159 1295 scopus
1180 1250 1365 1297 subscripsi.

1090 1299 1158 1344 Ego
1204 1300 1371 1334 Conradus
1404 1300 1588 1336 Sahinensis
1621 1303 1789 1349 episcopus

1040 1347 1244 1394 Moguntinae
1285 1349 1370 1383 sedis
1405 1350 1659 1397 archiepiscopus
1706 1353 1789 1387 sul)—

1018 1428 1021 1437 ,
1041 1409 1164 1443 scripsi.

1052 253 1087 275 tlt
1116 253 1164 276 ΡΡ.

1017 1441 1021 1488 l
1089 1446 1157 1493 Ego
1188 1446 1400 1483 Tlieodwinus
1426 1448 1612 1484 Portuensis
1638 1457 1667 1484 et
1707 1450 1791 1486 Sau-

1018 1495 1105 1530 'ctae
1134 1496 1266 1532 Rufinae
1289 1497 1382 1532 Sedis
1408 1498 1576 1546 episcopus
1603 1498 1788 1547 subscripsi.

1087 1545 1156 1591 Ego
1198 1545 1355 1582 Heuricus
1393 1547 1583 1583 Albanensis
1621 1550 1789 1596 episcopus

1018 1590 1019 1610 ³
1039 1594 1223 1642 subscripsi.

1087 1644 1156 1690 Ego
1183 1644 1384 1681 'fheobaldus
1411 1646 1587 1681 Hostiensis
1623 1657 1652 1683 et
1688 1648 1788 1683 Vele—

1039 1694 1194 1729 ternensis
1221 1695 1390 1743 episcopus
1412 1696 1596 1743 subscripsi.

1068 1743 1153 1789 'Ego
1175 1744 1310 1779 Ioannes
1334 1745 1412 1779 tituli
1436 1745 1469 1780 S.
1498 1746 1595 1781 Marci
1626 1747 1789 1795 presbyter

1038 1792 1203 1828 cardinalis
1220 1793 1402 1841 subscripsi.

1087 1842 1154 1889 Ego
1177 1843 1337 1878 Laborans
1369 1844 1532 1892 presbyter
1559 1845 1726 1882 cardinalis
1753 1847 1786 1882 S.

1038 1890 1152 1927 Mariae
1173 1893 1405 1940 Transtyberim
1433 1894 1618 1941 subscripsi.

1089 1941 1157 1988 Ego
1178 1942 1341 1978 Hubertus
1369 1943 1448 1978 tituli
1483 1943 1591 1979 Sancti
1626 1944 1789 1980 Laurentii

1038 1991 1200 2040 presbyter
1221 1992 1390 2027 cardinalis
1411 1993 1596 2040 subscripsi.

1085 2042 1153 2089 Ego
1174 2041 1351 2077 Pandulsus
1384 2042 1547 2091 presbyter
1586 2043 1670 2078 card.
1705 2044 1786 2078 tituli

1036 2091 1181 2126 basilicae
1208 2091 1265 2126 XII
1280 2092 1504 2139 Apostolorum
1525 2092 1710 2140 subscripsi.

1086 2141 1154 2188 Ego
1183 2140 1318 2176 Albinus
1353 2141 1397 2177 tit.
1438 2141 1572 2176 Sanctae
1604 2141 1715 2177 Crucis
1754 2143 1785 2176 in

1037 2195 1204 2230 Ierusalem
1229 2195 1391 2242 presbyter
1412 2194 1497 2230 card.
1525 2195 1709 2242 subscripsi.

1084 2249 1151 2296 Ego
1172 2248 1295 2284 Arditio
1317 2249 1423 2284 Sancti
1445 2249 1603 2285 Theodori
1633 2250 1785 2285 diaconus

1036 2303 1202 2339 cardinalis
1223 2303 1406 2351 subscripsi.

1084 2357 1151 2404 Ego
1172 2356 1342 2392 Gratianus
1369 2357 1418 2392 Ss.
1435 2356 1570 2392 Cosmae
1592 2365 1622 2393 et
1637 2357 1784 2393 Damiani

1036 2411 1187 2446 diaconus
1213 2411 1380 2446 cardinalis
1401 2411 1586 2459 subscripsi.

1085 2465 1153 2511 Ego
1179 2464 1338 2500 Gofredus
1360 2464 1392 2500 S.
1421 2464 1537 2501 Mariae
1565 2466 1595 2501 in
1625 2466 1682 2502 Via
1709 2467 1784 2502 Lata

1038 2519 1190 2554 diaconus
1211 2518 1296 2554 card.
1324 2518 1506 2566 subscripsi.

1085 2573 1154 2620 Ego
1189 2572 1349 2608 Rolandus
1386 2573 1419 2607 S.
1451 2573 1567 2609 Mariae
1593 2574 1626 2609 in
1657 2573 1785 2610 Porticu

1014 2660 1019 2676 Ι
1039 2627 1187 2662 diaconus
1210 2626 1293 2661 card.
1316 2625 1497 2674 subscripsi.

1818 260 1866 286 An.
1881 260 1908 286 C.
1932 261 1996 288 ¹¹85

1828 321 1935 348 Proposita
1958 329 1996 342 rx<

1821 354 1995 373 somniauit-am.-

1812 385 1844 404 uis
1865 389 1931 409 poena
1949 392 1995 405 im-

1811 414 1911 434 latoribus
1928 421 1992 440 [ir-vi*

1811 446 1871 471 legiis
1887 445 1960 469 butu»,

1820 921 1968 943 aeneai-:nane

1806 954 1854 974 illud
1872 954 1941 974 observ.
1955 964 1986 974 ri<

1807 985 1867 1004 utura.

1817 1217 1872 1239 Lucii
1902 1218 1941 1245 Par
1960 1225 1969 1236 ⁹
1977 1236 1983 1240 .

1802 1314 1822 1331 et
1844 1310 1863 1331 S.
1885 1310 1907 1332 tt.
1928 1311 1982 1332 Emi.

1825 1342 1959 1362 cardinalium

1803 1373 1977 1399 nubseriptiones
