2129 3223
130 274 177 300 An.
198 273 226 301 C.
244 274 309 302 l258

139 964 187 985 Cum
201 967 310 986 erescere·-

128 996 235 1015 τηυξψδ
260 1001 310 1022 pra-

127 1028 179 1046 vitas
188 1042 192 1049 .

209 1027 284 1046 missos
300 1033 311 1046 a

128 1063 148 1072 vv
160 1059 184 1077 >iit
194 1055 310 1080 Minoi-itas,

129 1095 161 1113 qu.
186 1092 210 1107 dc
234 1093 257 1107 aa
278 1090 310 1107 in-

127 1125 159 1137 Γῖίῗ
165 1123 217 1138 ΪΪΪΪΪΪ

143 1796 209 1817 Omne

214 1803 221 1817 ε
243 1798 313 1824 itaque

130 1829 233 1853 hortatur,
246 1829 315 1849 uleis-

132 1860 177 1879 dviii

131 1894 172 1910 ‘int

229 1863 313 1886 praesto

375 263 444 298 668

906 271 1093 294 nni-Lanita!
1120 269 1283 293 nonaum

365 329 390 358 Ξ,
409 328 516 357 Omnes
538 328 634 364 itaque
655 325 796 362 hortatur,
815 330 844 354 ut
863 325 974 354 eisdem
992 333 1074 363 prae·
1114 324 1225 358 merito
1247 323 1346 358 valeat
1366 322 1595 367 commendari,
1622 333 1681 357 nec
1702 320 1862 368 contingat

365 378 408 402 sto
427 372 494 400 sint.

324 447 473 476 Alexander
491 446 631 481 episcopus
654 452 748 474 servus
763 452 903 474 servorum
922 445 977 477 Dei,
994 451 1074 473 vene-

368 495 499 524 rabilibus
516 494 656 523 fratribus
674 494 896 530 archiepiscopis,
919 496 949 522 et
966 493 1074 522 dilectis

369 545 434 574 filiis
449 543 555 576 electis.
575 542 730 574 abbatibus,
755 542 902 578 prioribus,
926 542 1073 575 ministris

368 593 538 630 guardinam
558 593 586 620 ot
605 591 668 620 aliis
687 591 866 620 Ecclesiarmn
889 592 1024 628 praelatis
1047 592 1075 620 et

368 642 533 675 rectoribus,
549 647 648 670 necnon
666 642 697 670 ot
715 642 839 670 universo
858 642 943 673 clero.
959 642 1018 670 tam
1028 647 1073 669 re—

367 691 475 727 ligiosis
493 691 681 725 cuiuscumque
707 690 888 726 professionis
912 691 941 718 et
960 689 1073 721 ordinis.

369 747 450 776 qnam
469 738 663 771 saecularibus,
683 738 711 767 in
729 739 831 767 ducatu
850 738 991 774 spoletano
1011 745 1075 766 con-

368 789 494 822 stitutis.
514 788 631 817 satutem
649 789 680 817 et
698 787 877 823 apostolicam
909 787 1076 815 benedictio-

368 846 439 868 nem.

374 911 394 958 S
423 913 454 944 1.
478 909 602 944 Exortis
623 908 653 942 in
682 920 756 954 agro
784 908 854 942 fidei
886 907 1075 942 christianae

327 972 380 1006 per
403 968 507 1006 partes
528 957 634 992 ltaliae
656 957 870 992 abundantius
894 956 984 991 solito
999 956 1075 990 hae-

327 1009 440 1043 reticae
464 1006 623 1055 pravitatis
643 1006 787 1048 zizaniis,
815 1006 990 1040 seminante
1012 1005 1074 1045 illa,

328 1070 382 1104 per
404 1056 556 1103 temporis
579 1055 723 1101 impacati
755 1054 922 1099 malitiam,
947 1055 1075 1089 homine

328 1108 467 1147 inimico,
489 1105 589 1140 Sedes
616 1104 797 1151 Apostolica
825 1105 894 1139 eius
916 1111 1010 1149 caput
1039 1103 1076 1137 fi-

327 1156 374 1189 dei
404 1164 433 1190 et
460 1155 618 1200 magistra,
642 1153 749 1188 volens
775 1154 856 1188 circa
885 1152 1075 1187 zizaniorum

325 1204 565 1251 extirpationem
589 1202 781 1241 huiusmodi,
812 1214 866 1249 per
894 1201 1017 1248 aliquos
1038 1202 1077 1235 de

327 1253 474 1289 fratribus
500 1252 619 1288 ordinis
650 1251 828 1290 Minorum,
867 1259 966 1296 partes
1001 1262 1077 1285 suae

326 1302 551 1337 sollicitudinis
575 1301 753 1347 adimpleri,
777 1300 890 1334 dilecto
913 1299 1001 1334 filio.
1020 1327 1026 1333 .
1045 1328 1050 1333 .
1069 1327 1076 1333 .

328 1353 471 1386 ministro
500 1350 679 1398 provinciali
710 1349 853 1383 eiusdem
882 1349 1019 1389 ordinis,
1047 1349 1077 1382 in

328 1400 597 1435 administratione
621 1398 729 1432 Sancti
756 1397 915 1432 Francisci
945 1397 1078 1432 manda-

330 1450 385 1488 vit,
415 1456 447 1483 ut
475 1449 542 1494 ipse
563 1448 644 1481 duos
666 1459 702 1480 ex
726 1446 874 1480 fratribus
895 1447 962 1480 suis
985 1447 1078 1489 viros,

329 1499 430 1532 zelum
447 1497 600 1531 habentes
616 1496 803 1530 christianae
827 1495 911 1534 fidei,
934 1503 965 1529 et
983 1507 1079 1541 opere

327 1560 363 1582 ac
389 1558 537 1581 sermone
568 1552 729 1592 potentes,
756 1552 943 1588 assumeret,
970 1544 1078 1591 eisque

328 1598 357 1630 in
383 1595 522 1643 partibus
545 1594 672 1637 restris,
702 1593 916 1640 inquisitionis
941 1593 1078 1627 officium

328 1652 435 1679 contra
466 1643 658 1687 haereticos,
693 1653 867 1688 eorumque
890 1641 1027 1676 fautores
1049 1649 1079 1675 et

327 1693 512 1740 complices,
534 1692 698 1737 iniungere
726 1699 915 1736 procuraret.

376 1743 396 1789 ἓ
422 1746 454 1777 2.
478 1741 543 1776 Nos
570 1741 673 1787 itaque
695 1739 812 1774 Christi
838 1751 952 1773 nomen
976 1739 1004 1773 in
1023 1752 1081 1786 po-

330 1793 404 1839 pulo
440 1790 565 1825 exaltari
607 1788 802 1835 gaudentes,
837 1800 872 1822 ac
904 1787 976 1822 fidei
1012 1789 1080 1822 eius

328 1852 462 1875 massam
490 1839 530 1874 ab
552 1839 651 1878 omni,
680 1850 735 1884 per
756 1837 840 1884 quod
865 1836 947 1871 inlici
972 1837 1080 1878 valeat,

329 1889 492 1925 emundari
522 1888 594 1923 totis
622 1886 786 1922 affectibus
809 1886 987 1932 cupientes,
1011 1887 1081 1920 uni-

330 1939 506 1974 versitatem
539 1945 673 1972 vestram
704 1948 863 1981 rogamus,
893 1947 1080 1975 monemuS,

329 1997 359 2023 et
386 1988 547 2022 hortamur
573 1994 702 2025 attente,
726 1997 782 2032 per
804 1984 972 2031 apostolica
997 1984 1082 2018 robis

329 2038 444 2083 scripta
472 2036 674 2075 mandantes,
702 2042 858 2080 quatenus
882 2033 1082 2068 attendentes

332 2087 518 2133 prudenter,
554 2083 636 2131 quod
670 2084 872 2130 inquisitores
900 2082 1081 2117 huiusmodi

330 2149 346 2170 a
375 2135 533 2182 praedicto
555 2134 696 2180 deputati
722 2133 864 2166 ministro
890 2144 945 2178 pro
973 2131 1083 2165 deten-

331 2187 419 2220 sione
443 2185 541 2231 ipsius
569 2182 652 2223 fidei,
675 2191 703 2216 et
726 2193 797 2216 cum
821 2182 920 2215 salute
944 2180 1081 2214 fidelium

333 2235 519 2273 laborantes,
542 2241 571 2267 et
594 2230 744 2278 periculis
767 2242 919 2277 personas
941 2229 1083 2276 proprias

333 2283 499 2317 salubriter
521 2288 733 2328 exponentes,
764 2286 925 2326 nequeunt
947 2278 984 2312 ad
1012 2290 1083 2312 om—

335 2333 403 2371 nia,
427 2343 506 2378 quae
524 2338 609 2365 tanto
631 2329 801 2375 expediunt
831 2328 967 2373 negotio,
990 2326 1084 2361 suffi-

335 2393 405 2415 cere
428 2393 482 2426 per
502 2380 635 2426 seipsos,
658 2379 778 2412 eisdem
805 2385 834 2411 et
857 2377 937 2415 aliis,
965 2377 1084 2423 siquos

335 2430 372 2463 ad
400 2430 460 2464 hoc
481 2442 517 2463 ex
546 2429 646 2475 ipsius
672 2427 820 2462 fratribus
847 2426 1013 2472 contigerit
1035 2425 1084 2459 de-

337 2479 456 2524 putari,
488 2479 517 2512 in
553 2477 712 2525 praedicto
739 2475 926 2522 exequendo
960 2474 1085 2521 negotio

337 2526 502 2562 efficaciter
524 2527 687 2570 assistatis,
709 2533 923 2573 opportunum
940 2524 999 2558 sibi
1015 2535 1087 2558 con-

338 2580 456 2619 silium,
483 2579 618 2614 savorem
644 2588 674 2614 et
689 2578 838 2614 auxilium
862 2575 1085 2624 impendendo,

340 2633 378 2667 iia
414 2632 495 2667 ouosl
524 2632 636 2668 exinde
668 2640 787 2667 restrae
819 2630 891 2666 fidei
925 2629 1087 2665 sinceritas

1112 373 1169 408 Dei
1197 385 1278 420 opus
1306 371 1481 419 periculose
1507 384 1564 420 per
1590 380 1724 407 vestram
1754 370 1862 418 negli-

1112 423 1248 468 gentiam
1285 422 1332 456 vel
1369 422 1520 457 incuriam
1559 420 1745 464 intermitti,
1785 433 1863 467 quas

1115 471 1340 517 proculdubio,
1376 479 1498 518 praeter
1525 470 1555 505 id
1582 470 1668 517 quod
1698 470 1862 504 horrendis

1114 529 1234 556 notaret
1257 520 1386 556 maculis
1413 520 1539 555 infamia
1569 519 1783 566 negligentes,
1808 519 1862 553 ul-

1114 570 1173 604 trix
1195 570 1299 605 omnis
1326 569 1559 605 inobedientiae
1591 581 1627 604 ac
1653 568 1862 614 negligentiae

1113 619 1284 666 apostolica
1317 620 1466 655 severitas
1497 620 1560 654 acri
1597 618 1778 665 percelleret
1812 617 1863 651 di-

1113 669 1256 714 sciplina.

1162 718 1278 754 Datum
1306 717 1468 764 Anagniae
1500 717 1623 752 decimo
1649 716 1785 763 septimo
1807 715 1863 749 lm-

1114 767 1223 802 lendas
1242 767 1432 812 decembris,
1449 766 1650 814 pontificatus
1666 766 1764 800 nostri
1780 777 1864 799 anno

1113 826 1234 864 quarto.

1131 877 1194 908 Dat.
1215 878 1261 908 die
1287 878 1322 907 15
1340 887 1453 908 novem.
1478 878 1561 914 1258,
1580 877 1684 916 pontif.
1701 887 1777 907 anno
1796 884 1831 907 .v.

1471 1034 1508 1069 L.

1118 1118 1329 1161 Inclulqentiae
1358 1128 1415 1161 pro
1441 1116 1673 1159 inquisitoribus
1702 1118 1867 1152 haereticae

1164 1167 1339 1211 pravitatis,
1364 1177 1527 1210 eorumque
1546 1165 1700 1204 notariis,'
1726 1169 1814 1200 sociis
1840 1175 1867 1200 et

1165 1216 1351 1260 fautoribus,
1373 1227 1409 1248 ac
1427 1226 1486 1260 pro
1506 1216 1647 1248 omnibus
1667 1216 1701 1249 in
1725 1219 1868 1260 prosetta-

1167 1266 1246 1299 tione
1267 1266 1380 1309 neqotiz'
1405 1265 1479 1307 fidei
1503 1265 1718 1298 decedentibus.

1389 1342 1604 1373 SUMMARIUM

1118 1409 1284 1440 Exordium.
1306 1426 1345 1432 —-
1374 1409 1396 1438 1.
1426 1408 1680 1447 lndulgentiarum
1707 1410 1870 1439 concessio.

1118 1484 1269 1512 Alexander
1278 1484 1422 1519 episeopus
1437 1490 1534 1512 servus
1543 1489 1683 1512 servorum
1691 1483 1748 1516 Det,
1761 1483 1873 1513 dilectis

1162 1533 1228 1561 filiis
1246 1532 1382 1561 fratribus
1401 1532 1503 1560 ordinis
1522 1531 1645 1560 fratrum
1663 1531 1797 1561 minorum
1829 1533 1873 1560 in-

1164 1582 1348 1618 quisitoribus
1361 1581 1518 1610 haereticae
1551 1581 1703 1616 pravitatis
1721 1581 1750 1609 in
1785 1582 1872 1611 admi-

1163 1629 1331 1658 nistratione
1350 1630 1376 1657 S.
1399 1629 1545 1662 francisci.
1564 1630 1757 1665 praesentibus
1775 1632 1804 1659 et
1827 1631 1872 1660 fn-

1164 1679 1248 1711 turis,
1267 1677 1387 1707 salntem
1400 1679 1430 1707 ot
1449 1678 1630 1714 apostolicam
1647 1679 1871 1708 benedictionem.

1169 1744 1366 1780 Firmissime
1384 1752 1487 1779 teneat
1508 1753 1609 1780 vestra
1632 1746 1816 1792 prudentia,
1843 1757 1873 1782 et

1121 1794 1300 1829 nullatenus
1328 1793 1463 1838 dubitet,
1490 1794 1574 1841 quod
1599 1793 1687 1829 Deus
1712 1795 1874 1842 indulgen-

1121 1844 1234 1879 tiarum
1268 1851 1299 1877 et
1327 1851 1413 1889 pater
1454 1843 1706 1888 misericordiae,
1733 1845 1876 1881 conside-

1123 1905 1194 1927 rans
1220 1893 1332 1927 merita
1368 1893 1584 1938 singulorum,
1621 1901 1789 1928 contentus
1816 1907 1875 1929 no-

1121 1942 1194 1977 stris
1221 1941 1425 1987 indulgentiis
1462 1953 1523 1976 uon
1558 1941 1681 1983 existit,
1715 1943 1791 1990 quin
1819 1943 1876 1978 be*-

1123 1990 1354 2026 nesacientibus
1376 1991 1506 2037 gratiam
1535 1991 1689 2038 potiorem
1713 1991 1875 2038 indulgeat

1122 2048 1152 2074 et
1174 2040 1305 2086 gloriam
1332 2039 1535 2086 superaddat,
1567 2040 1605 2074 ad
1628 2053 1705 2087 quas
1732 2052 1788 2087 per
1808 2041 1876 2076 fru—

1123 2097 1207 2124 ctum
1238 2089 1313 2123 boni
1344 2089 1450 2135 operis
1487 2089 1733 2135 promerendas,
1767 2089 1876 2126 fideles

1123 2138 1241 2174 Christi
1265 2138 1446 2185 frequenter
1467 2146 1498 2172 et
1520 2138 1654 2174 libenter
1681 2139 1797 2174 nostris
1824 2151 1875 2174 re-

1124 2187 1327 2222 missionibus
1364 2187 1542 2222 invitamus.
1569 2187 1650 2222 Cum
1686 2188 1793 2234 itaque
1821 2200 1874 2223 vos

1125 2245 1252 2283 propter
1272 2236 1375 2271 Deum
1393 2237 1426 2271 in
1448 2236 1574 2283 negotio
1588 2236 1660 2271 fidei
1682 2236 1873 2280 laborantes,

1125 2285 1304 2320 huiusmodi
1349 2285 1540 2321 salutaribus
1576 2286 1724 2333 praemiis
1763 2285 1873 2321 deceat

1124 2346 1269 2369 recreari:

1172 2384 1193 2431 g
1221 2386 1252 2418 sl.
1279 2383 1344 2418 Nos
1367 2383 1454 2419 vobis
1485 2395 1556 2419 vere
1586 2383 1821 2431 poenitentibus
1842 2392 1873 2418 et

1124 2433 1295 2476 confessis,
1329 2432 1368 2467 de
1405 2433 1631 2480 omnipotentis
1660 2431 1718 2467 Dei
1747 2433 1873 2468 miseri-

1124 2481 1243 2526 cordia,
1270 2490 1299 2517 et
1322 2482 1485 2517 beatorum
1513 2482 1596 2517 Petri
1623 2489 1652 2516 et
1679 2481 1767 2516 Pauli
1789 2494 1873 2529 apo-

1125 2530 1277 2566 stolorum
1300 2531 1369 2566 eius
1390 2531 1571 2566 auctoritate
1592 2529 1721 2574 confisi,
1748 2530 1874 2578 plenam

1125 2579 1331 2615 concedimus
1359 2580 1479 2615 veniam
1514 2586 1727 2627 peccatorum.
1770 2579 1874 2615 Sociis

1125 2636 1230 2663 autem
1258 2629 1377 2664 ordinis
1406 2629 1498 2663 vestri
1526 2627 1673 2664 fratribus
1693 2635 1724 2664 et
1745 2629 1876 2665 notariis

1877 268 1928 296 An.
1947 267 1976 294 C.
1991 266 2059 295 1259

1917 1748 2037 1770 uxoratum.

1891 2393 2072 2421 indulgentiarum
2108 2389 2111 2391 ’

1887 2425 2008 2447 conoe-nlo.
