2129 3223
136 265 189 308 ᾼη.
207 265 236 292 C.
255 266 321 294 ¹256

147 2488 314 2512 *blumpuhski-

141 2516 179 2536 atis
210 2516 234 2536 ab
263 2517 313 2542 ipsis

132 2552 230 2566 ιαηεευπι

383 259 452 293 654

333 325 436 371 regula
460 323 617 371 perpetuis
644 323 839 371 temporibus
873 324 1079 366 observanda3

332 375 459 420 ipsaque
486 372 585 407 bonae
609 373 778 409 memoriae
801 373 978 422 Raynerius
995 375 1078 410 San-

331 431 397 457 ctae
423 422 538 456 Mariae
565 422 596 457 in
619 421 789 458 Cosmedin
817 422 970 459 diaconus
1010 436 1079 459 car-

331 471 455 512 dinaliS,
479 479 554 506 tunc
578 471 608 506 in
633 472 774 519 partibus
813 473 874 507 illis
915 473 1080 519 legationis

330 520 475 567 fungens,
497 520 599 555 officio
619 521 826 563 confirmavit,
854 531 946 569 prout
961 520 1004 557 'in
1024 523 1079 557 lit-

330 571 404 604 teris
434 569 506 605 inde
535 570 686 605 confectis
725 570 848 618 plenius
887 572 1078 612 continetur,

329 630 386 653 nos
408 619 492 665 quod
521 627 581 654 tam
609 632 625 654 a
661 620 759 665 vobis,
795 633 889 668 quam
927 620 967 655 ab
1002 622 1077 668 ipsis

330 668 479 715 episcopo
501 677 531 703 et
563 669 719 704 cardinale
755 669 869 705 factum
902 678 949 704 est
983 682 1080 717 super

330 716 378 751 his
407 717 534 764 provide
566 725 665 752 ratum
709 719 858 754 habentes
891 727 920 753 et
941 728 1077 766 gratum,

330 766 407 801 illud
434 767 618 813 auctoritate
639 769 815 815 ‘apostolica
841 769 1077 809 confirmamus,

327 823 357 850 et
384 817 557 863 praesentis
578 816 685 864 scripti
714 818 877 864 privilegio
899 820 1079 853 communi-

326 877 409 899 mus.
435 865 626 901 Litterarum
650 867 788 912 ipsarum
812 876 953 903 tenorem
978 868 1074 903 inseri

327 914 477 950 facientes
501 915 718 962 praesentibus
741 916 778 951 ad
798 917 987 960 cauthelam,
1021 918 1075 964 qui

325 963 396 999 talis
417 973 473 999 est:
496 964 531 998 ln
553 964 611 1000 Dei
639 966 777 1000 nomine.
816 966 929 1001 Amen.
974 966 1078 1001 Mille-

325 1013 406 1048 simo
428 1013 643 1049 ducentesimo
665 1016 928 1062 quinquagesimo
955 1017 1075 1064 quinto,

325 1062 417 1097 nonis
445 1062 593 1103 octobris,
621 1064 791 1099 indictione
825 1065 956 1100 decima.
990 1065 1076 1100 Feli-

325 1112 402 1146 eiter
438 1112 593 1159 praesenti
617 1113 771 1160 scriptura
793 1114 952 1154 clarescat,
990 1115 1074 1162 quod

324 1160 489 1195 coadunati
520 1162 612 1197 frater
640 1161 771 1198 Filiolus
801 1163 886 1210 prior
924 1164 1076 1200 ecclesiae

323 1209 458 1245 Sanctae
477 1211 591 1246 Mariae
614 1210 653 1245 de.
675 1211 781 1247 Monte
803 1212 948 1258 Seuario,
967 1222 999 1248 et
1020 1213 1077 1248 fra·

324 1267 387 1293 tres
409 1260 548 1295 eiusdem
578 1260 649 1301 loci,
672 1262 725 1308 qui
748 1261 836 1297 Servi
852 1261 986 1298 Sanctae
1008 1263 1076 1297 Ma-

324 1308 387 1343 riae
410 1317 573 1353 vocantur,
595 1318 625 1344 et
651 1310 838 1358 infrascripti
868 1311 976 1347 fratres
990 1312 1072 1357 apud

319 1356 428 1392 locum
451 1370 561 1394 eorum
584 1359 678 1394 situm
708 1372 805 1408 prope
827 1361 981 1396 civitatem
1005 1361 1076 1396 Flo-

326 1407 477 1442 rentinam
505 1408 536 1442 in
566 1408 634 1443 loco
661 1408 744 1444 dicto
776 1409 921 1457 Casagio,
956 1411 1074 1446 scilicet

313 1454 418 1491 ·frater
444 1456 586 1501 Alexius,
610 1457 703 1493 frater
741 1457 916 1494 Ricoverus
932 1487 940 1499 ,
981 1460 1073 1495 frater

324 1503 500 1551 Benignus,
528 1506 620 1541 frater
641 1506 768 1552 Vigore,
789 1507 881 1543 frater
909 1508 1074 1544 Bonaven·

325 1562 404 1595 tura,
428 1553 521 1589 frater
537 1554 702 1602 Rogerius,
718 1556 810 1591 frater
824 1557 967 1598 Ioannes,
983 1557 1076 1592 frater

324 1602 500 1645 Clemente,
528 1604 621 1639 frater
646 1604 827 1650 Bartholus,
851 1606 942 1641 frater
970 1607 1074 1642 Alber-

325 1652 419 1694 tinus,
454 1653 548 1688 frater
583 1653 741 1695 Nicolaus,
776 1655 870 1690 frater
912 1656 1073 1701 AEgidius,

324 1700 418 1737 frater
444 1701 607 1744 Cambius,
641 1703 734 1739 frater
764 1704 947 1745 Matthaeus,
983 1705 1075 1740 frater

323 1749 556 1793 Bonaventura,
578 1751 671 1788 frater
692 1753 943 1798 ttdebrandinus,
981 1754 1075 1789 frater

324 1798 527 1842 Benedictus,
552 1801 644 1836 frater
670 1802 813 1843 lacobus,
836 1810 866 1837 et
888 1804 980 1838 frater
994 1804 1075 1838 Mai-

325 1857 428 1892 netus,
455 1862 566 1885 omnes
590 1860 620 1886 et
646 1852 761 1897 singuli
785 1852 823 1886 ad
846 1852 997 1887 honorem
1015 1853 1074 1888 Dei

325 1898 559 1945 omnipotentis,
579 1908 609 1934 et
623 1900 857 1937 Domininostri
873 1901 943 1937 lesu
957 1901 1073 1938 Christi

325 1946 397 1981 Filii
425 1948 506 1991 eius,
530 1957 559 1983 et
581 1950 617 1984 ad
637 1949 788 1985 honorem
828 1959 953 1986 sanctae
981 1961 1075 1999 atque

326 1997 530 2033 intemeratae
552 1998 608 2033 Dei
636 1998 813 2035 Genetricis
835 2000 964 2045 Mariae,
999 2014 1075 2036 om—

326 2046 480 2093 niumque
501 2056 680 2083 sanctorum
711 2057 742 2084 et
775 2058 955 2084 sanctarum
991 2050 1074 2091 Dei,

326 2103 356 2129 et
379 2097 582 2131 reverentiam
601 2107 817 2133 sacrosanctae
836 2098 997 2135 Romanae
1018 2099 1077 2134 Ec-

327 2144 442 2179 clesiae
461 2144 500 2180 tle
526 2157 682 2182 consensu
720 2156 750 2183 et
791 2148 948 2195 parabola,
980 2157 1074 2196 atque

326 2193 450 2229 licentia
478 2196 627 2241 praedicti
650 2208 759 2232 eorum
789 2198 899 2244 prioris
926 2206 955 2232 et
983 2208 1077 2234 recto-

327 2243 380 2287 ris,
407 2251 437 2278 et
465 2245 531 2291 ipse
561 2246 645 2292 prior
667 2258 738 2281 cum
766 2257 922 2281 consensu
961 2255 991 2282 et
1019 2260 1077 2282 vo-

326 2291 444 2327 luntate
480 2303 510 2328 et
532 2294 669 2339 licentia,
692 2304 786 2343 atque
814 2296 957 2342 parabola
985 2309 1077 2344 prae-

326 2340 480 2377 dictorum
505 2342 647 2387 fratrum,
671 2344 766 2380 libera
793 2353 823 2380 et
841 2350 1014 2393 spontanea
1030 2359 1077 2381 vo-

327 2390 456 2435 luntate,
480 2394 695 2439 promiserunt
716 2404 746 2429 ct
768 2403 917 2430 voverunt
932 2395 999 2430 Deo
1013 2408 1076 2430 om·

329 2440 480 2486 nipotenti
510 2451 540 2477 et
567 2442 681 2478 Beatae
711 2443 844 2489 Mariae,
875 2445 958 2492 quod
992 2445 1078 2480 nullo

330 2496 469 2536 tempore
497 2503 553 2538 per
577 2504 624 2538 se,
650 2493 697 2528 vel
722 2494 870 2540 priorem,
891 2506 947 2529 seu
970 2503 1079 2530 custo-

330 2537 400 2573 dem
424 2540 577 2586 ipsorum,
600 2541 646 2577 vel
673 2542 811 2588 fratrem,
837 2543 885 2578 vel
911 2544 1076 2591 syndicum

330 2598 384 2621 seu
406 2599 650 2635 procuratorem,
673 2592 720 2626 vel
737 2604 973 2640 quamcumque
988 2594 1077 2628 aliam

330 2647 495 2681 personam
522 2639 626 2687 aliqua
654 2641 824 2676 immobilia
859 2654 1078 2690 quaecumque

895 270 1083 294 nnLLARtUM
1109 270 1273 294 ROMANUM

1097 328 1101 346 l
1122 325 1237 360 fuerint
1266 326 1310 361 vel
1344 326 1418 371 sint,
1443 325 1662 374 possidebunt,
1685 324 1730 359 vel
1767 324 1870 372 possi-

1121 375 1195 410 dere
1219 387 1274 421 pro
1301 387 1335 410 se
1363 375 1486 421 facient,
1516 375 1561 410 vel
1586 374 1674 422 quasi
1698 374 1870 421 possidere,

1121 424 1166 460 vel
1190 423 1377 466 dominium,
1407 425 1451 461 vel
1474 426 1564 472 quasi
1605 424 1781 459 dominium
1819 423 1871 458 ha-

1099 473 1241 514 ¹hebunt
1270 475 1317 509 vel
1340 475 1518 510 retinebunt
1540 486 1595 522 per
1628 486 1674 513 sc,
1715 473 1762 509 vel
1806 472 1871 507 ali-

1098 534 1212 570 tquem
1244 523 1353 567 alium,
1385 524 1469 572 quod
1505 524 1544 559 ad
1581 524 1684 571 ipsum
1725 523 1869 559 ordinem

1122 572 1286 618 pertineat,
1309 573 1355 608 vel
1379 574 1533 621 pertinere
1560 573 1713 613 videntum
1752 572 1808 608 sed
1841 571 1869 614 εἰ

1120 622 1198 656 forte
1224 623 1403 670 contigerit,
1423 623 1506 670 quod
1529 621 1645 670 aliquis
1666 632 1869 668 quocumque

1120 672 1214 706 modo
1233 671 1269 706 ad
1292 684 1401 707 eorum
1429 671 1602 719 capitulum
1619 670 1665 706 vel
1687 670 1869 718 collegium,

1122 721 1169 755 vel
1198 720 1236 756 ad
1261 731 1494 768 procuratorem
1520 733 1574 756 seu
1599 720 1764 768 syndicum
1792 721 1870 767 ipso-

1120 783 1201 813 rum,
1230 771 1274 805 vel
1319 771 1355 806 ad
1393 771 1529 818 aliquam
1565 769 1656 805 aliam
1703 781 1868 816 personam

1121 832 1176 866 pro
1201 819 1276 866 ipsis
1305 820 1453 856 fratribus
1486 820 1629 861 voluerit,
1670 830 1725 853 seu
1762 819 1871 866 dispo-

1119 869 1218 903 suerit
1258 870 1361 917 aliqua
1405 869 1577 904 immobilia
1618 868 1772 908 conferre,
1814 880 1869 902 seu

1121 917 1298 964 transferre,
1320 919 1402 966 quod
1425 919 1602 953 dominium
1620 930 1675 952 seu
1693 917 1870 964 possessio—

1119 980 1204 1012 nem,
1227 969 1272 1003 vel
1300 969 1388 1016 quasi
1417 968 1453 1002 ad
1481 969 1566 1015 ipsos
1588 967 1708 1007 fratres,
1744 974 1776 1001 nt
1815 979 1870 1001 su-

1121 1030 1173 1064 pra
1197 1016 1313 1053 dictum
1349 1027 1407 1058 est,
1441 1018 1486 1052 vel
1527 1017 1564 1052 ad
1600 1016 1770 1064 capitulum
1812 1028 1869 1051 seu

1118 1066 1285 1112 collegium
1310 1068 1460 1114 ipsorum,
1483 1066 1530 1101 vel
1567 1066 1603 1101 ad
1637 1065 1774 1112 aliquem
1813 1077 1870 1100 eo-

1118 1128 1186 1150 rum
1212 1117 1374 1163 pervenire
1397 1128 1458 1151 non
1481 1116 1592 1163 possin
1614 1115 1668 1150 sed
1698 1114 1774 1150 illud
1809 1113 1869 1150 tale

1118 1165 1163 1199 vel
1188 1166 1270 1208 talia,
1290 1166 1372 1213 quod
1396 1166 1442 1201 vel
1471 1177 1551 1212 quae
1587 1165 1800 1204 conferentur,
1829 1164 1868 1198 sit

1117 1223 1147 1249 et
1174 1215 1236 1249 sint
1276 1215 1480 1250 incontinenti
1521 1222 1550 1250 et
1591 1214 1772 1249 immediate
1811 1213 1870 1248 do-

1118 1265 1192 1298 mini
1229 1265 1345 1312 Papae,
1378 1272 1409 1300 et
1450 1264 1610 1299 Ecclesiae
1650 1270 1868 1299 sacrosanctae

1117 1313 1291 1355 Romanae;
1314 1314 1353 1349 ita
1376 1322 1493 1357 tamen,
1514 1313 1600 1361 quod
1628 1313 1777 1348 dominus
1799 1311 1869 1359 epi-

1116 1375 1242 1410 scopus,
1271 1364 1299 1398 in
1323 1363 1413 1398 cuius
1435 1364 1617 1410 episcopatu
1654 1362 1750 1397 situm
1784 1368 1867 1397 esset

1117 1412 1161 1446 vel
1185 1413 1255 1457 sita,
1277 1412 1363 1460 quod
1399 1411 1446 1448 vel
1470 1425 1549 1459 quae
1576 1411 1778 1447 conferentur
1796 1423 1869 1446 om-

1117 1473 1186 1496 nem
1222 1462 1335 1497 habeat
1368 1470 1398 1497 et
1440 1462 1564 1509 plenam
1598 1461 1867 1504 iurisdictionem,

1117 1519 1145 1543 et
1170 1511 1267 1557 ipsius
1292 1512 1355 1545 sint
1378 1510 1499 1546 fructus
1524 1519 1554 1545 et
1576 1510 1782 1546 obventiones
1805 1522 1868 1545 om-

1116 1571 1171 1593 nes
1200 1561 1231 1594 in
1255 1560 1331 1607 ipsis
1353 1560 1484 1600 collatis,
1507 1568 1536 1594 et
1558 1572 1594 1594 ex
1630 1561 1675 1594 eis
1701 1567 1731 1594 et
1757 1559 1796 1594 de
1821 1559 1867 1593 eis

1116 1609 1214 1655 possit
1238 1609 1416 1656 praedictus
1436 1609 1604 1655 episcopus
1625 1609 1794 1656 disponere
1837 1615 1867 1642 et

1115 1658 1314 1703 distribuere,
1337 1667 1429 1705 atque
1452 1658 1552 1693 facere
1575 1670 1631 1705 pro
1653 1658 1754 1694 salute
1776 1665 1806 1692 et
1822 1669 1869 1692 re-

1117 1707 1219 1742 medio
1246 1708 1368 1742 animae
1391 1707 1592 1751 conferentis,
1615 1715 1645 1742 et
1667 1707 1864 1755 eleemosyna

1117 1755 1256 1791 facienda
1289 1758 1370 1792 circa
1414 1757 1523 1791 fratres
1552 1756 1671 1792 ordinis
1705 1756 1866 1804 praelibati

1117 1818 1172 1840 seu
1195 1814 1389 1845 conventus,
1420 1805 1637 1841 tantummodo
1670 1806 1867 1841 necessitatis

1095 1868 1097 1892 ,r
1116 1863 1269 1901 tempore,
1292 1863 1385 1902 prout
1413 1855 1523 1890 melius
1545 1854 1647 1890 eidem
1672 1855 1770 1890 visum
1794 1854 1868 1890 fue-

1117 1905 1168 1944 rit;
1189 1912 1220 1938 et
1241 1913 1347 1939 contra
1369 1904 1449 1939 hanc
1472 1904 1710 1949 promissionem
1745 1912 1775 1939 et
1805 1916 1867 1940 vo-

1118 1962 1183 1988 tum
1208 1953 1283 1988 nihil
1304 1953 1369 1988 fieri
1395 1954 1504 2001 possit,
1528 1953 1574 1988 vel
1597 1954 1626 1988 in
1668 1954 1737 1989 eius
1775 1953 1867 1989 frau—

1117 2003 1201 2047 dem,
1223 2004 1270 2037 vel
1292 2003 1487 2050 privilegium
1522 2002 1649 2049 aliquod
1685 2003 1866 2050 impetrari,

1119 2052 1163 2087 rel
1187 2052 1307 2099 aliquas
1333 2053 1449 2088 litteras
1471 2065 1486 2087 a
1506 2052 1636 2087 domiuo
1659 2052 1753 2099 Papa,
1781 2053 1865 2100 quod

1119 2101 1275 2148 praedicta
1300 2102 1398 2147 possit
1424 2101 1594 2148 infringere
1614 2101 1661 2136 vel
1688 2102 1866 2144 immutare,

1117 2150 1173 2185 sed
1197 2162 1250 2196 per
1271 2152 1377 2186 omnia
1399 2152 1522 2187 saecula
1544 2151 1741 2186 saeculorum
1764 2150 1869 2186 obser-

1118 2199 1180 2234 vari
1218 2199 1332 2235 illibata
1363 2200 1510 2245 debeant,
1551 2209 1579 2235 et
1618 2201 1726 2235 teneri.
1768 2199 1809 2234 Et
1840 2200 1865 2246 si

1119 2257 1225 2283 contra
1254 2249 1422 2296 praedicta,
1450 2250 1496 2284 vel
1528 2249 1653 2297 aliquod
1689 2250 1867 2297 praedicto-

1119 2311 1187 2332 rum
1211 2298 1324 2345 aliquis
1351 2298 1389 2334 de
1410 2299 1600 2346 supradictis
1626 2297 1784 2340 fratribus,
1810 2310 1866 2334 seu

1119 2347 1226 2394 aliqui,
1255 2349 1299 2382 vel
1322 2348 1360 2382 de
1387 2349 1444 2389 eis,
1466 2349 1518 2396 qui
1541 2348 1655 2383 dictam
1683 2348 1865 2394 religionem

1119 2397 1165 2431 vel
1189 2396 1411 2432 fraternitatem
1434 2406 1487 2432 aut
1509 2397 1675 2443 collegium
1695 2397 1866 2441 intraverit,

1120 2445 1209 2480 fuerit
1232 2446 1279 2480 vel
1302 2446 1429 2486 fuerint,
1449 2447 1532 2494 quod
1557 2446 1613 2482 Dei
1639 2446 1867 2493 omnipotentis

1119 2504 1149 2530 et
1171 2495 1298 2530 Domini
1328 2497 1424 2531 nostri
1447 2496 1517 2532 lesu
1544 2495 1674 2536 Christi,
1692 2503 1723 2531 et
1751 2495 1866 2530 Beatae

1121 2544 1235 2579 Mariae
1256 2557 1382 2594 semper
1399 2544 1548 2593 Virginis,
1570 2552 1601 2579 et
1621 2545 1764 2580 omnium
1799 2557 1868 2580 san·-

1120 2602 1242 2628 ctorum
1265 2603 1296 2629 et
1324 2602 1502 2631 sanctarum
1532 2594 1586 2629 Dei
1610 2593 1867 2630 maledictionem

1120 2643 1269 2685 incurrat,
1297 2652 1325 2679 et
1352 2657 1423 2680 cum
1453 2643 1587 2692 pessimo
1612 2643 1689 2679 luda
1711 2643 1869 2679 Scariotes

1883 269 1934 296 An.
1951 268 1980 296 C.
2000 267 2068 296 tatto
