2129 3223
144 227 194 254 An.
213 227 241 253 C.
259 228 323 254 tatu

156 282 228 304 oratio
257 290 267 304 ι
290 290 324 304 n-

145 314 231 335 terdon
252 314 325 335 uicena

387 216 456 250 278

341 282 494 330 disponis,
533 289 561 316 te
608 280 791 328 supplicitei·
831 293 1007 316 exoramus.
1051 287 1084 314 ut

341 334 454 366 te‘rrarn
468 341 562 378 quarn
586 330 776 376 Unigenitus
793 329 893 364 Filius
915 337 989 364 tuus
1011 342 1084 376 pro-

342 381 408 427 prio
440 380 593 427 sanguine
633 380 835 419 consecravit,
865 379 904 414 de
940 379 1084 414 manibus

341 429 541 465 inimicorum
584 429 695 465 Crucis
738 429 896 475 eripiens,
940 428 1085 463 restituas

340 479 440 515 cultui
462 479 644 520 christiano,
668 487 734 514 vota
774 478 912 514 fidelium
943 478 980 513 ad
1017 478 1085 512 eius

341 529 558 564 liberationem
606 528 787 564 instantium
842 527 1086 562 misericorditer

342 578 508 626 dirigendo
527 579 556 613 in
580 578 659 614 viam
693 577 803 613 salutis
836 586 989 612 aeternae.
1028 576 1086 610 Per

342 628 488 664 eumdem
511 627 683 663 Dominum
707 635 849 662 nostrum
872 635 925 661 eto.

394 678 426 712 ln
474 678 533 713 illis
570 685 675 712 autem
710 676 860 712 Ecclesiis
913 675 1087 723 inquibus

343 727 507 764 conveniet
534 727 692 774 processio
734 725 909 772 generalis,
956 733 1087 759 truncus

343 781 499 813 concavus
520 784 673 811 statuatur
695 775 794 810 tribus
827 775 969 810 clavibus
1008 787 1087 809 con-

343 828 496 874 signatuS,
525 839 585 861 una
625 833 721 873 penes
756 825 922 859 honestum
957 824 1088 871 presby-

343 883 458 925 terum,
485 880 541 915 alia
562 891 657 927 penes
691 878 840 913 devotum
885 878 999 913 laicum
1017 905 1025 918 ‚
1059 885 1089 911 et

344 935 429 970 tertia
453 946 550 982 penes
570 933 708 980 aliquem
743 931 918 977 regularem
958 931 1090 966 fideliter

343 987 577 1031 conservandis,
599 986 630 1020 in
653 998 716 1033 quo
738 985 842 1020 clerici
873 992 903 1019 et
923 985 1005 1024 laici,
1033 985 1089 1019 viri

343 1052 373 1077 et
394 1042 554 1080 mulieres,
578 1040 794 1087 eleemosynas
815 1051 888 1074 suas
911 1047 1029 1086 ponant
1059 1040 1089 1073 in

344 1095 459 1130 Terrae
493 1094 626 1129 Sanctae
653 1093 829 1128 subsidium
864 1093 1091 1128 convertendas

344 1148 520 1184 secundum
548 1147 790 1195 dispositionem
825 1160 933 1182 eorum
973 1148 1092 1194 quibus

346 1204 421 1238 haec
443 1202 536 1237 fuerit
557 1201 736 1236 sollicitudo
777 1202 957 1236 commissa.
992 1201 1092 1236 Porro

344 1270 440 1305 super
462 1268 626 1304 processu,
652 1262 684 1289 et
705 1254 836 1290 transitu
868 1255 1029 1295 modesto,
1063 1263 1093 1290 et

345 1312 500 1350 ordinato,
528 1321 667 1356 congruo
690 1310 759 1345 loco
804 1317 836 1344 et
869 1317 1009 1357 tempore
1048 1311 1092 1344 l'a-

345 1365 468 1405 ciendo,
492 1363 632 1399 nondum
654 1370 779 1411 oportet
800 1363 917 1410 aliquid
946 1364 1091 1404 diffinire,

346 1420 446 1454 donec
472 1418 629 1453 exercitus
650 1417 777 1452 Domini
809 1417 911 1452 Crucc
941 1417 1093 1464 signetur3

346 1473 407 1508 sed·
424 1482 498 1508 tunc
518 1472 656 1520 pensatis
673 1471 813 1518 undique
835 1471 1093 1514 circumstantiis,

346 1535 564 1576 quaecumque
610 1526 782 1561 viderimus
832 1535 1009 1573 opportuna
1055 1526 1094 1560 de

347 1581 537 1629 prudentum
565 1580 701 1614 virorum
746 1579 878 1614 consilio
908 1587 1092 1614 statuemus.

347 1636 393 1670 Ad
409 1635 486 1669 haec
509 1633 604 1680 igitur
620 1633 803 1680 exequenda
830 1633 961 1667 dilectos
978 1633 1092 1668 lilios...

347 1690 385 1723 (le.
412 1688 517 1723 Salem
556 1695 607 1722 etc.
643 1687 801 1734 quondam
840 1687 879 1721 de
904 1687 1095 1722 Novocastro

347 1742 486 1782 abbates,
509 1750 539 1776 et
567 1740 604 1776 C.
637 1741 790 1776 decanum
825 1740 1027 1788 Spin-ensem,
1066 1750 1096 1777 et

350 1795 562 1844 praepositum
583 1794 832 1841 Augustensem‚
865 1796 950 1829 viros
987 1796 1095 1843 utique

349 1850 499 1898 probatae
520 1848 695 1893 honestatis
716 1856 746 1883 et
767 1848 837 1883 fidei
850 1876 859 1888 ,
881 1848 1095 1896 deputamus3

349 1905 402 1953 qui
417 1903 522 1939 ascitis
534 1915 640 1938 secum
656 1903 730 1937 viris
745 1903 883 1950 providis
900 1911 930 1938 et
944 1904 1095 1945 honestis,

350 1958 534 1994 auctoritate
562 1964 666 1992 nostra
688 1964 826 1992 statuant
865 1965 896 1991 et
927 1957 1096 2005 disponant

350 2022 570 2061 quaecumque
591 2012 720 2047 adhoc
764 2012 925 2059 negotium
966 2025 1096 2060 promo—

351 2066 487 2102 vendum
512 2066 643 2100 viderint
664 2065 825 2113 expedire,
848 2065 995 2101 facientes
1016 2079 1097 2114 quae

352 2121 518 2156 statueiint
557 2120 586 2154 in
634 2119 768 2166 singulis
803 2119 1003 2155 dioecesibus
1045 2134 1098 2168 per

353 2175 439 2211 vir'o's
458 2174 591 2209 idoneos
620 2173 659 2208 ad
695 2174 753 2208 hoc
787 2174 963 2220 specialiter
1002 2175 1098 2221 depu-

353 2237 433 2264 tatos
454 2227 587 2263 fideliter
608 2240 644 2262 ac
665 2225 798 2262 sollicite
820 2229 990 2275 procurari.
1015 2228 1099 2270 Quo-

354 2283 436 2318 circa
492 2281 725 2316 universitatem
778 2289 910 2316 vestram
961 2282 1099 2328 rogando

356 2348 535 2377 monemus,
573 2343 603 2370 et
637 2335 839 2370 obsecramus
876 2336 907 2370 in
948 2335 1097 2375 Domino,

358 2403 411 2438 per
433 2389 604 2438 apostolica
632 2389 719 2424 vobis
756 2389 872 2436 scripta
905 2390 1100 2435 mandantes,

356 2454 386 2479 et
414 2446 444 2480 in
464 2445 577 2479 virtute
598 2443 736 2491 Spiritus
757 2443 863 2478 Sancti
889 2443 1101 2490 iniungentes,

357 2507 511 2546 quatenus
532 2499 578 2534 eis
601 2511 656 2546 pro
680 2496 808 2533 Christo
841 2497 995 2544 legatione
1029 2497 1102 2532 fun-

358 2552 503 2598 gentibus
524 2552 603 2587 tales
624 2564 679 2586 vos
700 2551 846 2586 ex⁴hibere
876 2551 1004 2596 curetis,
1038 2563 1102 2586 ne—

358 2606 491 2640 cessaria
515 2605 726 2640 ministrantes
753 2604 870 2640 eisdem
889 2632 896 2643 ,
929 2605 1014 2652 quod
1048 2616 1103 2652 per

908 223 1093 247 BULLARiUM
1121 223 1281 246 ROMANUM

1126 291 1179 314 vos
1210 286 1237 313 et
1263 279 1293 313 in
1318 278 1403 313 vobis
1430 278 1566 312 fructum
1590 277 1701 313 faciant
1739 284 1869 325 exopta-

1126 336 1190 362 tum
1215 330 1270 372 (Ι).
1725 343 1727 346 ⁴

1438 481 1547 517 XClIl.

1130 561 1255 593 [indictio
1282 561 1361 592 socri
1386 568 1411 591 ee
1438 559 1617 592 oecumenici
1653 559 1775 592 concilii
1811 559 1872 592 La-

1176 610 1339 642 leronensis
1356 635 1364 650 ,
1400 620 1457 653 pro
1494 609 1597 653 prima
1631 609 1679 641 die
1705 609 1873 642 novembris

1181 661 1281 692 1915.

1397 732 1491 762 stum
1498 732 1515 761 Α
1523 731 1608 761 RlUM

1130 800 1229 830 infelix
1254 800 1402 829 Herclesiae
1421 804 1522 829 status.
1551 816 1589 821 -—
1608 798 1660 827 ΡΙ).
1687 799 1722 828 de
1746 807 1777 828 ea
1802 799 1875 828 soli-

1169 845 1279 874 citmlo.
1301 861 1339 866 -
1363 843 1403 873 Ad
1423 844 1476 872 hoc
1496 843 1686 873 indicandum
1709 842 1878 873 concilium.

1169 906 1207 911 -
1235 889 1314 924 Quae
1348 889 1374 917 iii
1405 897 1437 917 eo
1469 888 1527 917 sint
1549 887 1707 917 tractanda.
1735 903 1773 909 —
1798 886 1878 922 Quae

1171 933 1355 972 praemiserit
1380 932 1578 962 Innocentius.
1599 949 1638 954 —
1664 931 1786 962 lndictio
1804 940 1877 961 con-

1171 978 1241 1007 cilii.
1263 995 1301 999 —
1324 977 1353 1006 ln
1371 987 1404 1005 eo
1428 978 1609 1007 tractandum
1629 978 1664 1007 tle
1686 976 1880 1009 subventione

1171 1023 1277 1052 Terrae
1297 1022 1428 1051 Sanctae.
1453 1038 1487 1042 -
1512 1021 1682 1051 Adltortatio
1704 1021 1740 1051 ad
1758 1029 1880 1050 concor-

1171 1068 1258 1097 diam.

1132 1135 1301 1164 Innocentius
1319 1134 1462 1171 episcopus
1481 1141 1576 1163 servus
1591 1140 1732 1163 sorvorum
1752 1133 1808 1167 Dal.
1836 1141 1883 1163 vo-

1177 1184 1344 1212 nerabilibus
1363 1183 1501 1212 tratribus
1513 1183 1735 1219 archiepiscopis,
1751 1183 1884 1220 episcopis

1177 1235 1205 1262 at
1221 1234 1329 1262 dilectis
1352 1233 1417 1261 filiis
1441 1233 1584 1261 abbatibus
1615 1234 1643 1261 ot
1665 1233 1811 1268 prioribus.
1836 1233 1884 1261 de-

1177 1283 1252 1311 canis
1283 1284 1314 1311 et
1346 1282 1543 1311 archidiaconis
1565 1289 1613 1318 por
1636 1282 1797 1312 Teutonicas
1818 1289 1882 1318 pro-

1178 1333 1281 1360 vincias
1301 1332 1475 1361 constitutis.

1184 1400 1315 1434 Vineam
1350 1399 1475 1434 Domini
1510 1399 1645 1434 Sabaoth
1677 1399 1884 1434 multiformes

1134 1457 1279 1495 satagunt
1311 1450 1428 1484 bestiae
1470 1448 1626 1493 demoliri,
1660 1461 1793 1495 quarum
1834 1449 1884 1484 in-

1135 1512 1248 1534 cursus
1274 1499 1352 1533 adeo
1380 1499 1508 1533 invaluit
1544 1506 1651 1533 contra
1692 1499 1816 1545 ipsam,
1851 1507 1884 1533 ut

1135 1562 1171 1582 ex
1196 1557 1279 1595 parte
1308 1561 1368 1583 non
1394 1548 1530 1585 modica,
1561 1560 1617 1594 pro
1640 1548 1756 1582 vitibus
1774 1549 1886 1595 spinae

1135 1599 1361 1641 succreverint,
1401 1606 1432 1632 et
1476 1596 1560 1645 quod
1601 1606 1762 1644 gementes
1803 1598 1887 1632 refe*

1136 1648 1246 1687 rimus,
1270 1649 1354 1694 ipsae
1379 1648 1438 1682 iam
1462 1648 1538 1682 vites
1566 1648 1724 1694 proferant
1746 1659 1803 1694 pro
1827 1660 1884 1682 uva

1137 1697 1324 1741 labruscam,
1354 1697 1485 1732 infectae
1506 1696 1719 1744 multipliciter
1753 1704 1785 1731 et
1821 1709 1885 1732 cor-

1138 1754 1256 1793 ruptae.

1171 1818 1210 1853 (1)
1228 1819 1254 1844 ln
1284 1816 1408 1844 eumdem
1420 1817 1528 1844 modum
1541 1826 1585 1852 per
1599 1817 1850 1853 Magdeburgensem
1861 1822 1887 1846 et

1138 1860 1305 1885 Bremensem
1330 1858 1491 1892 provincias.
1516 1859 1544 1884 In
1564 1858 1687 1885 eumdem
1713 1858 1820 1885 modum
1841 1867 1888 1894 per

1137 1898 1318 1926 tioloniensem
1336 1898 1510 1932 provinciam.
1534 1899 1561 1924 ln
1577 1898 1699 1925 eumdem
1717 1898 1825 1926 modum
1840 1907 1887 1935 per

1138 1939 1294 1965 Sardiniam.
1313 1938 1340 1964 ln
1357 1938 1480 1964 eumdem
1501 1938 1609 1965 modum
1639 1946 1685 1973 per
1713 1939 1888 1975 Salzbnrgen-

1137 1986 1191 2005 sem
1210 1978 1385 2012 provinciam.
1404 1978 1431 2004 In
1448 1978 1571 2005 eumdem
1588 1978 1696 2005 modum
1716 1987 1762 2014 per
1779 1979 1886 2007 Dalma-

1139 2018 1210 2044 tiam.
1230 2018 1256 2044 tn
1277 2017 1400 2044 eumdem
1422 2018 1529 2045 modum
1547 2026 1594 2053 pei·
1609 2019 1795 2046 Trevirensem
1821 2028 1885 2055 pro-

1140 2058 1262 2084 vinciam.
1285 2058 1312 2083 ιη
1337 2057 1461 2084 eumdem
1485 2058 1594 2085 modum
1621 2066 1667 2093 per
1696 2059 1885 2087 Ravennatem.

1140 2098 1166 2124 In
1184 2098 1306 2124 eumdem
1333 2097 1441 2124 modum
1467 2106 1513 2133 per
1538 2098 1681 2126 Poloniam.
1712 2100 1739 2126 ln
1764 2100 1887 2127 eumdem

1140 2136 1246 2163 modum
1271 2145 1317 2171 per
1347 2137 1566 2165 Mediolanensem
1591 2142 1617 2165 et
1642 2139 1795 2166 Ianuensem
1821 2148 1885 2174 pro-

1142 2185 1239 2203 vincias
1255 2178 1415 2204 constitutis.
1435 2179 1463 2204 in
1479 2178 1601 2205 eumdem
1622 2179 1728 2206 modum
1746 2188 1791 2215 per
1816 2180 1885 2207 Sve-

1141 2218 1213 2243 tiam.
1234 2218 1259 2243 tn
1276 2218 1398 2245 eumdem
1415 2219 1523 2246 modum
1539 2227 1586 2254 per
1609 2219 1748 2246 Mai-chiam
1769 2220 1885 2247 Anconi-

1141 2262 1237 2284 tanum.
1258 2259 1284 2284 {n
1301 2259 1423 2286 eumdem
1440 2259 1548 2286 modum
1568 2268 1615 2294 per
1632 2259 1795 2288 Lundensem
1821 2269 1886 2295 pro-

1143 2299 1262 2324 vinciam.
1289 2300 1315 2325 ln
1331 2300 1453 2326 eumdem
1470 2299 1579 2327 modum
1595 2308 1641 2335 per
1662 2300 1832 2334 Hungariam.
1860 2301 1886 2326 lu

1140 2338 1262 2365 eumdem
1276 2340 1383 2366 modum
1400 2347 1446 2374 per
1458 2340 1587 2375 Angiiam.
1606 2340 1634 2366 ln
1646 2339 1768 2367 eumdem
1779 2340 1887 2368 modum

1144 2378 1263 2413 Pragensi
1280 2380 1414 2415 episcopo,
1431 2383 1457 2406 et
1471 2379 1620 2411 abbatibus,
1641 2379 1774 2413 prioribus
1789 2382 1816 2407 et.
1830 2381 1888 2406 uni-

1143 2418 1226 2444 versis
1242 2418 1471 2452 Christifidelibus,
1489 2428 1536 2455 per
1551 2419 1702 2446 Bohemiam
1725 2419 1886 2446 constitutis.

1144 2457 1170 2483 [n
1187 2458 1309 2485 eumdem
1326 2459 1433 2486 modum
1442 2467 1489 2495 per
1499 2460 1631 2486 Tusciam.
1650 2459 1677 2486 In
1696 2459 1820 2487 eumdem
1832 2467 1889 2487 mo-

1142 2497 1205 2524 dum
1227 2506 1272 2532 per
1291 2498 1429 2525 iberniam.
1450 2500 1477 2526 ln
1491 2499 1612 2526 eumdem
1633 2499 1740 2526 modurn
1757 2508 1804 2535 per
1820 2500 1889 2526 Nor-

1144 2538 1254 2572 vegiam.
1274 2539 1300 2564 {n
1327 2539 1450 2566 eumdem
1475 2538 1582 2566 modum
1607 2546 1653 2573 per
1678 2538 1831 2566 Calabriam.
1861 2540 1888 2566 tn

1142 2577 1263 2604 eumdem
1285 2578 1392 2605 modum
1410 2587 1455 2614 per
1466 2579 1589 2605 Scotiam.
1608 2579 1635 2605 ln
1647 2579 1769 2606 eumdem
1781 2577 1888 2607 modum

1145 2617 1274 2645 univorsis
1291 2626 1336 2653 pei·
1354 2627 1462 2653 regnum
1479 2618 1602 2645 Franciae
1617 2619 1777 2647 constitutis.

1881 218 1930 246 An.
1949 217 1976 245 c,
1996 208 2062 245 ¹21⁸

1911 1411 1983 1434 infelix
2004 1411 2075 1433 Eccle-

1898 1449 1942 1464 siae
1957 1446 2030 1464 status.
