2129 3223
34 263 81 291 An.
100 263 130 290 C.
145 264 213 291 ¹²6⁴

45 316 72 338 De
82 317 212 344 recipiendis

31 349 179 368 nutrientibus.
227 366 234 372 ,

44 905 72 928 De
86 907 212 928 admistione

31 942 125 958 sorori-m
141 937 162 956 ln
177 941 214 956 or-

31 969 86 991 dine.

44 2272 68 2294 Bt
76 2273 216 2301 protentione.

862 264 1007 287 tnBANUs
1029 264 1060 287 lV
1083 264 1130 286 1³1³.

229 317 376 354 vitialium
406 319 544 363 nomine,
573 318 618 353 vel
646 330 808 360 sororum,
841 318 878 353 ad
914 319 973 353 liu-

226 367 361 402 iusmodi
381 367 611 402 observantiam
635 367 840 414 professionis
866 367 973 402 astrin-

226 416 366 463 gendae,
406 425 622 463 praeterquam
659 417 695 451 ad
731 418 898 451 articulum
934 416 973 451 de

226 465 386 506 clausura;
420 477 498 512 (luae
522 465 560 500 de
584 466 730 500 mandato
770 466 815 500 vel
851 466 972 500 licentia

226 513 398 555 abbatissae
427 515 582 549 interdum
611 522 757 560 poterunt
795 515 902 558 egredi
935 515 972 549 ad

227 564 349 609 negotia
371 564 551 599 monasterii
573 563 779 610 procuranda.
805 563 975 599 Morientes

226 624 298 647 vero
334 620 394 647 tam
428 625 566 650 sorores.
593 624 686 659 quam
715 613 886 647 servitiales
914 614 975 647 liu-

227 661 361 696 iusmodi
387 661 464 697 iufra
489 662 674 705 claustrum,
697 669 787 709 prout
814 663 974 704 convenit,

227 710 430 745 tumulentur.

529 781 608 816 CAP.
638 784 669 816 5.

276 856 435 892 Omnibus
474 856 554 891 banc
592 856 774 901 religionem
814 867 975 891 assumere

227 907 445 952 cupientibus,
483 917 563 953 quae
596 905 710 941 fuerint
744 905 974 946 admittendae.

229 955 410 1002 priusquam
433 954 574 990 habitum
593 962 715 989 mutent
737 961 765 989 et
789 954 973 1000 religionem

226 1012 400 1048 assumant,
427 1003 504 1038 dura
531 1004 577 1039 eis
602 1012 632 1038 et
658 1015 766 1051 aspera
793 1015 975 1050 proponan-

228 1061 290 1097 tur,
311 1066 368 1100 per
389 1065 469 1101 quae
491 1054 552 1087 itur
574 1053 611 1088 ad
634 1052 749 1093 Deum,
772 1060 801 1086 et
819 1064 899 1099 quae
925 1064 976 1087 se-

227 1103 366 1137 cundum
392 1103 472 1137 bane
494 1102 677 1148 religionem
705 1113 835 1136 necesse
861 1101 976 1136 babue-

228 1151 290 1186 rint
317 1151 447 1186 firmiter
469 1151 651 1191 observare,
679 1163 717 1185 ne
735 1151 774 1185 de
801 1151 975 1197 ignorantia

229 1209 336 1247 postea
363 1212 397 1236 se
427 1208 588 1235 excusent.
617 1199 687 1234 Non
716 1199 884 1246 recipiatur
916 1199 976 1233 ali-

227 1261 300 1297 qua,
333 1261 415 1297 quae
440 1249 486 1284 vel
514 1249 646 1295 longiori
673 1256 783 1287 aetati,
811 1249 856 1283 vel
886 1248 976 1282 infir-

229 1298 335 1333 mitate
361 1298 483 1353 aliqua,
519 1299 565 1332 icl
590 1298 671 1332 fatua
705 1297 904 1344 simplicitate
938 1297 974 1331 ad

229 1347 407 1382 huiusmodi
431 1347 509 1382 iitae
531 1347 760 1382 observantiam
784 1345 976 1381 insufficiens

229 1404 258 1431 et
280 1408 342 1432 non
371 1396 483 1432 idonea
506 1404 688 1439 censeatur,
713 1395 770 1430 uisi
800 1394 878 1429 sorte
891 1407 974 1435 cum

228 1445 332 1492 aliqua
347 1445 502 1480 interdum
519 1457 611 1480 causa
628 1444 801 1480 rationabili
819 1444 974 1490 exigente

229 1494 268 1529 de
302 1490 447 1529 mandato
481 1494 526 1529 vel
559 1494 743 1528 auctoritate
770 1493 842 1528 dicti
871 1493 976 1528 cardi-

230 1543 308 1578 nalis
329 1543 419 1579 alicui
443 1543 535 1578 suerit
562 1542 823 1590 dispensandum
847 1542 907 1576 Per
928 1550 975 1576 ta-

228 1593 273 1626 les
297 1592 380 1627 enim
414 1601 511 1627 status
541 1601 568 1627 et
598 1593 685 1638 vigor
710 1591 874 1637 religionis
899 1602 976 1625 sae-

230 1642 302 1688 pius
322 1641 502 1677 dissolvitur
523 1649 553 1676 et
570 1641 726 1675 turbatur:
750 1640 834 1675 unde
857 1640 886 1674 in
909 1652 977 1686 per-

228 1690 316 1725 sonis
336 1690 526 1737 recipiendis
548 1690 688 1736 diligenti
716 1689 822 1724 studio
849 1697 879 1723 et
899 1701 976 1723 eau-

229 1739 310 1774 tbela
342 1739 434 1774 debet
469 1739 647 1773 liuiusmodi
682 1738 806 1774 occasio
833 1737 975 1772 devitari.

227 1788 394 1823 Abbatissa
430 1788 546 1822 nullam
573 1787 698 1834 propria
721 1787 908 1822 auctoritate
925 1798 976 1821 re-

229 1837 336 1884 cipiat,
370 1838 438 1871 sine
480 1848 635 1871 consensu
663 1836 804 1871 omniurn
832 1847 974 1870 sororum

229 1898 370 1924 suarum,
404 1884 452 1920 vel
474 1885 511 1919 ad
539 1886 646 1919 miuus
681 1885 812 1919 duarum
841 1884 975 1931 partium

228 1934 423 1969 earumdem.
459 1933 580 1968 Omnes
606 1945 679 1969 vero
713 1946 751 1968 ex
777 1945 865 1968 more
897 1934 974 1968 intra

228 1983 399 2018 claustrum
421 1991 573 2029 receptae,
595 1983 694 2018 tonsis
715 1982 865 2027 crinibus,
883 1983 976 2017 citius

229 2031 388 2079 deponant
425 2031 567 2066 habitum
605 2031 819 2073 saecularem;
858 2031 975 2078 quibus

230 2080 400 2127 deputetur
433 2081 598 2126 magistra,
632 2092 712 2128 quae
745 2092 797 2116 eas
829 2080 976 2115 informet

230 2130 428 2176 regularibus
449 2130 633 2176 disciplinis.
661 2129 709 2163 Ad
733 2137 881 2164 tractatus
901 2141 976 2176 quo·

230 2191 292 2226 que
320 2178 446 2226 capituli
471 2178 546 2212 insi-a
573 2190 689 2213 annum
717 2179 893 2213 nullatenus
919 2178 977 2213 ad-

231 2228 404 2263 mittantur.
448 2226 614 2274 Completo
656 2239 729 2262 vero
769 2228 864 2262 unius
901 2228 974 2262 anni

230 2276 350 2323 spatio,
372 2277 397 2312 si
426 2276 534 2310 aetatis
561 2276 717 2322 legitimae
739 2275 869 2317 fuerint,
903 2288 976 2322 pro-

231 2324 397 2360 fessionem
425 2325 455 2358 in
489 2325 636 2359 manibus
662 2325 836 2359 abbatissae
871 2337 975 2360 coram

230 2381 387 2409 conventu
414 2373 526 2408 saciant
559 2374 589 2408 in
618 2374 703 2408 bunc
730 2374 871 2408 modum:
907 2374 976 2420 Ego

230 2434 318 2458 soror
351 2423 390 2458 N.
427 2423 573 2470 promitto
609 2421 677 2457 Deo
710 2431 740 2456 ct
778 2422 977 2458 beatissimae

230 2470 344 2506 Mariae
364 2484 489 2518 semper
509 2471 630 2517 Virgini
653 2479 683 2506 et
701 2471 790 2506 beato
807 2471 977 2507 Francisco

231 2528 261 2555 et
288 2520 396 2556 beatae
417 2520 538 2559 Clarae,
560 2528 591 2554 et
612 2520 759 2554 omnibus
780 2520 924 2565 Sanctis,
947 2529 977 2556 et

230 2568 298 2613 tibi,
329 2570 474 2604 dominae
495 2569 684 2609 abbatissae,
709 2570 811 2604 vivere
837 2569 898 2603 sub
926 2582 978 2604 re—

230 2617 303 2664 gula
325 2629 342 2652 a
362 2618 491 2653 domino
507 2618 634 2654 Urbano
652 2617 737 2666 Papa
752 2625 864 2664 quarto
875 2618 976 2653 ordini

1647 252 1709 284 ΤΗ

1016 326 1124 353 nostro
1145 329 1308 361 concessa,
1331 325 1394 352 toto
1418 325 1557 364 tempore
1576 317 1656 352 vitae
1676 328 1764 357 meae‚

1015 367 1045 401 in
1061 367 1256 411 obedientia,
1278 367 1346 401 sine
1369 367 1495 414 proprio
1517 373 1547 401 et
1565 366 1594 401 in
1612 365 1763 407 castitate,

1015 424 1043 451 et
1066 417 1178 460 etiarn,
1212 417 1385 450 secundum
1421 415 1505 462 quod
1535 427 1589 462 per
1621 415 1763 450 eamdem

1017 465 1156 513 regulam
1191 464 1365 505 ordinatur
1400 465 1460 498 sub
1487 465 1643 499 clausura.
1677 463 1763 498 Idem

1016 515 1160 549 similiter
1182 513 1349 560 profitendi
1374 514 1507 548 modus
1503 526 1531 548 in
1555 512 1765 548 servitialibus

1016 563 1061 599 vel
1085 563 1259 606 sororibus,
1286 575 1365 609 quae
1388 562 1426 597 de
1449 562 1574 598 licentia
1590 562 1765 597 abbatissae

1016 613 1122 659 egredi
1140 620 1270 659 possunt
1289 612 1439 655 exterius,
1463 620 1584 658 praeter
1598 610 1763 646 articulum

1016 662 1055 697 de
1077 663 1237 706 clausura,
1261 673 1315 708 per
1336 661 1441 695 omnia
1468 661 1662 695 observetur.

1319 735 1399 771 Cae.
1428 739 1460 770 4.

1066 807 1187 842 Omnes
1224 819 1347 842 sorores
1387 807 1598 842 communiter
1632 807 1764 854 capillos

1016 868 1091 891 suos
1112 868 1214 903 usque
1249 856 1287 891 ad
1321 868 1412 890 aures
1445 857 1538 891 certis
1572 855 1765 902 temporibus

1017 905 1166 940 tondeant
1201 906 1231 940 in
1261 904 1444 940 rotundum.
1485 905 1522 939 Et
1558 917 1766 952 unaquaeque

1015 966 1104 989 soror
1131 962 1253 1001 praeter
1274 954 1414 998 cilitium,
1430 954 1454 988 si
1477 954 1620 998 voluerit,
1644 953 1688 988 vel
1707 962 1765 988 sta-

1016 1004 1180 1044 mineum,
1207 1003 1285 1038 duas
1308 1004 1443 1048 tunicas,
1471 1003 1516 1037 vel
1532 1003 1624 1038 etiam
1649 1002 1765 1049 plures,

1016 1052 1190 1087 secundum
1219 1052 1302 1099 quod
1327 1052 1427 1087 visum
1456 1051 1549 1087 fuerit
1576 1051 1764 1096 abbatissae,

1017 1101 1131 1137 habere
1158 1101 1266 1143 valeat,
1288 1113 1324 1136 ac
1346 1100 1527 1135 mantellum
1554 1109 1620 1148 post
1648 1101 1763 1135 collum

1018 1151 1091 1186 binc
1114 1150 1186 1185 inde
1208 1162 1402 1185 connexum:
1431 1157 1461 1185 et
1483 1151 1559 1185 baec
1582 1149 1764 1184 indumenta

1017 1200 1079 1234 sint
1101 1199 1140 1234 de
1162 1211 1265 1247 panno
1289 1199 1434 1245 religioso
1456 1207 1485 1234 et
1507 1198 1557 1233 vili
1574 1207 1634 1233 tam
1654 1199 1764 1246 pretio,

1017 1260 1110 1295 quam
1133 1249 1252 1289 colore,
1275 1248 1358 1282 iuxta
1382 1248 1576 1283 diversarum
1599 1254 1766 1282 consuetu-

1017 1298 1121 1332 dinem
1162 1298 1347 1344 regionum‚
1383 1297 1477 1331 nimia
1516 1297 1682 1341 brevitate,
1718 1296 1763 1330 vel

1018 1346 1215 1392 longitudine
1238 1358 1298 1380 non
1327 1346 1481 1389 notanda,
1515 1354 1549 1380 ut
1576 1353 1604 1379 et
1635 1346 1665 1379 iu
1688 1356 1766 1391 ope-

1018 1396 1136 1430 riendis
1158 1395 1294 1442 pedibus
1320 1394 1425 1429 debita
1451 1402 1591 1429 servetur
1617 1394 1766 1429 bonestas

1017 1452 1047 1479 et
1073 1445 1214 1479 curiosae
1250 1444 1454 1489 longitudinis
1481 1443 1682 1490 superfluitas
1708 1454 1766 1490 pe-

1018 1494 1101 1528 nitus
1126 1494 1268 1528 evitetur.
1302 1492 1423 1527 Tunica
1464 1504 1590 1539 quoque
1621 1493 1766 1539 superior

1017 1543 1055 1577 sit
1078 1550 1138 1577 tam
1162 1543 1193 1577 in
1214 1542 1357 1582 manicis,
1384 1553 1478 1588 quam
1507 1541 1536 1575 in
1566 1541 1668 1581 busto,
1695 1540 1765 1575 lati-

1018 1591 1137 1626 tudinis
1170 1600 1199 1626 et
1236 1590 1452 1637 amplitudinis
1486 1590 1704 1636 congruentis,
1733 1598 1764 1624 ut

1017 1641 1143 1676 babitus
1169 1640 1331 1675 exterioris
1357 1640 1506 1674 honestas
1528 1639 1694 1673 intrinsece
1715 1646 1765 1673 at-

1018 1698 1157 1724 testetur.
1193 1689 1337 1724 Habeant
1363 1696 1393 1724 et
1415 1688 1586 1735 scapularia
1616 1689 1684 1722 sine
1711 1699 1764 1722 ca-

1019 1739 1124 1793 putio
1159 1738 1198 1773 de
1232 1738 1282 1772 vili
1315 1745 1343 1772 et
1380 1737 1524 1783 religioso
1561 1748 1676 1784 panno,
1715 1737 1762 1772 vel

1017 1788 1166 1822 staminea
1182 1814 1191 1830 ,
1230 1786 1446 1841 amplitudinis
1486 1794 1517 1820 et
1558 1784 1763 1831 longitudinis

1017 1836 1231 1891 condecentis,
1253 1836 1335 1870 sicut
1356 1835 1609 1881 uniuscuiusque
1613 1813 1764 1881 Dqualitas

1018 1885 1129 1931 exigit,
1166 1885 1211 1919 vel
1252 1896 1413 1919 mensura:
1446 1884 1562 1931 quibus
1594 1883 1765 1918 induantur

1017 1934 1145 1981 quando
1168 1933 1329 1974 laborant,
1357 1933 1403 1968 vel
1428 1933 1488 1968 tale
1509 1932 1626 1979 aliquid
1649 1940 1763 1979 agunt,

1017 1996 1087 2018 cum
1111 1983 1276 2018 mantellos
1297 1993 1435 2028 congrue
1461 1989 1582 2028 gestare
1604 1993 1665 2016 non
1685 1994 1765 2028 pos-

1017 2039 1100 2067 sunt.
1134 2032 1259 2066 Possint
1286 2032 1378 2066 etiam
1411 2031 1479 2065 sine
1507 2031 1585 2077 ipsis
1615 2043 1685 2065 esse
1705 2030 1764 2065 ali-

1017 2081 1155 2128 quando,
1179 2081 1204 2115 si
1231 2081 1332 2115 visum
1357 2080 1448 2114 suerit
1474 2079 1659 2123 abbatissae,
1690 2091 1762 2114 cum

1017 2130 1094 2165 sorte
1122 2141 1178 2177 per
1209 2129 1344 2165 calorem
1372 2129 1522 2169 nimium,
1562 2128 1607 2163 vel
1644 2127 1761 2175 aliquid

1017 2179 1112 2219 aliud,
1140 2179 1184 2214 eis
1210 2178 1314 2224 gravia
1337 2177 1469 2213 multum
1493 2177 1610 2212 fuerint
1635 2177 1671 2211 ad
1690 2189 1763 2223 por-

1018 2228 1158 2262 tandum.
1197 2226 1311 2262 Coram
1338 2227 1493 2262 extraneis
1519 2235 1622 2260 tamen
1651 2226 1764 2260 liuius-

1020 2276 1101 2310 modi
1126 2284 1254 2311 utantur
1275 2275 1491 2323 scapularibus
1507 2287 1579 2310 cum
1595 2274 1762 2310 mantellis.

1017 2325 1155 2360 Tunicae
1198 2336 1325 2371 quoque
1361 2325 1554 2372 superiores,
1589 2323 1764 2369 scapularia

1018 2382 1047 2408 et
1070 2373 1219 2414 mantelii,
1241 2373 1355 2419 color-is
1376 2374 1506 2408 omnino
1521 2372 1582 2407 albi
1605 2373 1651 2406 vel
1681 2372 1761 2419 nigri

1018 2423 1216 2469 aliquatenus
1237 2434 1299 2457 non
1324 2423 1470 2457 serantur.
1495 2421 1555 2456 Pro
1568 2421 1697 2466 cingulo
1712 2433 1764 2455 au-

1019 2480 1079 2506 tem
1107 2471 1235 2506 cordam
1264 2479 1427 2518 postquam
1452 2470 1608 2517 professae
1631 2470 1762 2510 fuerint,

1020 2520 1154 2555 babeant
1169 2520 1297 2555 minime
1312 2520 1478 2555 curiosam.
1502 2518 1595 2553 Vittis
1609 2527 1662 2553 aut
1687 2518 1764 2554 velis

1018 2569 1057 2604 de
1092 2581 1196 2616 panno
1222 2570 1383 2604 communi
1417 2568 1547 2603 omnino
1580 2567 1674 2613 athis,
1700 2580 1762 2603 non

1018 2626 1120 2653 tamen
1157 2618 1325 2663 preciosis,
1352 2625 1403 2653 aut
1419 2617 1564 2659 curiosis,
1585 2618 1686 2666 capita
1707 2629 1762 2652 sua

1780 261 1829 287 An.
1851 258 1879 287 C.
1895 260 1959 286 19611

1795 817 1823 837 D·
1840 817 1943 837 vestibus:
