2129 3223
49 242 97 270 ΑΒ.
118 240 146 268 C.
162 241 225 268 ¹217

62 1975 169 2004 tto-pirate
208 1975 230 1996 S.

48 2006 137 2034 Spiritus
151 2008 173 2028 in
191 2007 232 2028 Sn-

50 2038 82 2058 niu
96 2038 140 2059 reci
160 2040 172 2064 ,t
193 2037 231 2058 sub

169 2073 181 2089 e
195 2068 233 2089 Se-

50 2069 138 2096 protecti

49 2099 81 2120 dt»
87 2099 230 2127 Apostolicne.

858 239 1020 262 nosotttts
1049 240 1082 260 ΙΙΙ
1109 240 1155 261 ΙΨ.

241 308 323 344 quae
344 307 427 331 nunc
447 304 493 330 est
515 295 630 342 pariter
652 304 681 329 et
709 294 840 335 suturae,
873 294 983 342 hospi-

240 346 388 380 talitatem
420 343 510 379 nobis
543 345 721 392 specialiter
741 353 771 378 et
805 345 984 390 frequenter

239 395 343 430 divina
368 393 528 441 Scriptura
551 393 762 434 commendat,
781 402 888 440 utpote
903 405 983 440 quae

238 443 291 479 illa
318 443 421 478 omnia
458 442 708 490 comprehendit,
745 451 870 489 propter
903 455 983 490 (inae

239 491 394 528 Dominus
410 493 439 526 in
462 492 588 527 ultimae
609 492 814 527 discussionis
841 493 984 526 examine

241 550 509 577 remuneraturum
532 554 565 576 se
595 542 704 581 bonos,
731 549 762 576 et
793 541 890 575 malos
926 553 984 576 as-

238 592 313 626 serit
335 590 530 638 puniturum.
553 591 637 626 Haec
664 592 749 627 enim
784 591 882 637 pascit
904 602 983 625 esu-

239 641 366 680 rientes,
392 641 533 675 sitientes
555 649 651 688 potat,
677 640 795 686 colligit
835 640 982 687 hospites,

239 689 343 725 nudos
365 689 467 733 restit,
493 699 524 724 et
546 703 606 725 non
635 689 736 724 solum
761 688 903 724 infirmos
939 689 983 722 r'i-

238 741 322 783 sitat,
343 739 398 774 sed
421 751 529 774 eorum
550 741 580 774 in
602 753 635 774 se
663 738 873 773 infirmitatem
896 751 984 773 assu-

239 801 340 833 inens,
355 788 578 823 infirmantium
601 800 709 824 curam
736 788 809 833 agit,
845 787 875 822 in
914 799 983 822 car-

238 849 309 873 cere
331 838 443 885 positis
464 837 620 879 subvenit,
642 846 672 872 et
693 837 811 885 quibus
835 837 911 871 vivis
952 838 981 870 in

240 886 420 922 infirmitate
441 888 665 925 communicat,
694 887 855 934 participat
879 887 908 920 in
937 898 983 919 se-

239 936 362 984 pultura
389 935 558 971 defunctis.
581 936 641 971 Per
668 935 749 971 hanc
770 935 897 981 quidem
920 935 983 969 An-

237 986 316 1033 gelis
339 986 472 1033 receptis
511 985 646 1033 hospitio
686 986 883 1031 placuerunt,
911 997 980 1019 cum

238 1034 396 1070 Abraham
424 1043 454 1069 et
487 1035 567 1069 Loth
601 1035 801 1082 hospitalitati
838 1043 982 1069 vacantes

237 1083 377 1132 Angelos
404 1093 585 1119 meruerunt
618 1084 781 1131 hospitari,
816 1095 870 1130 per
896 1095 983 1130 sqtttis

238 1134 396 1169 Abraham
425 1134 483 1168 iam
507 1146 603 1168 senex
626 1134 746 1168 suturae
768 1132 884 1166 sobolis
907 1145 980 1180 pro-

239 1183 420 1218 missionem
447 1183 578 1230 accepit,
605 1192 636 1217 et
662 1182 740 1217 Loth
772 1182 829 1216 suit
858 1182 897 1216 de
933 1184 982 1216 iu-

239 1232 353 1267 cendio
375 1231 531 1268 Sodomae
561 1232 719 1266 liberatus.
754 1231 824 1266 Duo
856 1243 982 1278 quoque

239 1281 398 1329 discipuli,
424 1282 477 1328 qui
501 1281 602 1316 lesum
631 1281 766 1327 hospitio
799 1289 981 1327 caeperunt,

239 1340 334 1379 quem
362 1331 391 1365 in
413 1331 608 1377 expositione
629 1330 810 1377 Scripturae
833 1341 895 1363 non
922 1341 982 1363 no-

240 1387 358 1424 verant,
386 1380 417 1414 in
441 1380 529 1426 panis
557 1380 705 1414 fractione
732 1387 895 1413 noverunt.
922 1378 980 1412 Per

239 1429 321 1465 hanc
347 1429 504 1476 superflua
539 1428 696 1468 divitum,
735 1439 816 1475 quae
851 1439 982 1473 congre-

238 1487 306 1526 gata
329 1478 407 1513 l'orte
428 1486 624 1513 servarentur
643 1477 682 1512 ad
705 1485 850 1517 mortem,
873 1477 903 1510 iu
926 1489 982 1511 ne-

239 1528 398 1564 cessitates
424 1539 596 1574 pauperum
624 1535 793 1573 erogantur
814 1526 850 1560 ad
877 1526 980 1560 vitam.

238 1577 302 1613 Per
326 1577 407 1612 hanc
429 1585 547 1612 terrena
571 1577 601 1611 in
629 1577 784 1617 coelestia,
813 1584 843 1610 et
872 1575 983 1610 transi-

240 1627 316 1662 toria
344 1629 375 1661 in
402 1634 527 1662 aeterna
554 1625 633 1660 felici
670 1625 860 1660 commercio
894 1637 984 1659 com-

241 1682 412 1721 putantur,
453 1676 527 1709 dum
569 1688 622 1722 per
658 1687 768 1709 manus
809 1686 981 1721 pauperum

239 1726 488 1761 thesaurizamus
509 1725 538 1759 in
562 1724 670 1766 coelis,
699 1724 750 1759 ubi
774 1736 831 1758 nec
852 1735 983 1768 aerugo,

242 1787 299 1810 nec
319 1777 402 1811 tinea
423 1774 603 1813 demolitur,
628 1773 680 1808 ubi
710 1773 793 1808 l'ures
817 1784 877 1807 non
908 1772 984 1807 effo-

241 1824 346 1864 diunt,
365 1836 425 1859 nec
445 1823 599 1865 furantur,
625 1830 654 1857 et
681 1823 810 1857 facimus
836 1821 927 1856 nobis
947 1822 984 1856 de

242 1885 420 1908 mammona
450 1872 621 1919 iniquitatis
654 1872 783 1915 amicos,
821 1871 874 1918 qui
912 1883 983 1905 cum

242 1922 462 1961 defecerimus,
486 1922 515 1956 in
542 1929 666 1956 aeterna
695 1920 893 1956 tabernacula
929 1932 985 1954 nos

243 1971 417 2006 admittant.
451 1970 538 2006 Haec
565 1971 658 2016 igitur
687 1969 906 2012 attendentes,
928 1969 986 2002 ho-

243 2020 355 2068 spitale
392 2028 542 2063 vestrum,
578 2019 662 2066 quod
700 2031 761 2054 nou
798 2020 898 2053 solum
931 2030 986 2065 pro

245 2078 361 2111 nostra,
387 2069 442 2104 sed
481 2068 756 2116 praedecessorum
792 2081 827 2102 ac
859 2080 986 2102 sueres-

244 2131 351 2155 sornm
365 2127 395 2153 et
416 2118 544 2153 fratrum
562 2126 737 2152 nostrorum
754 2117 986 2164 episcoporum,

247 2169 497 2217 presbyterorum
533 2175 625 2214 atque
673 2167 875 2201 diaconorum
914 2165 987 2200 Ro-

245 2229 356 2255 manae
377 2217 536 2253 Ecclesiae
557 2216 760 2250 cardinalium
801 2224 862 2250 tam
902 2216 988 2249 vivo-

246 2281 327 2309 rum,
361 2280 454 2315 quam
501 2267 593 2302 etiam
629 2265 847 2300 defunctorum
889 2264 988 2299 salute

246 2318 330 2366 apud
356 2317 503 2352 Sanctam
531 2315 661 2350 Mariam
684 2315 714 2348 in
743 2314 847 2357 Saxia,
885 2314 986 2348 locum

247 2367 355 2415 utique
396 2367 471 2402 satis
512 2366 659 2400 idoneum
699 2364 735 2398 ad
774 2363 989 2409 hospitalitatis

247 2415 382 2452 officium
410 2415 619 2451 exercendum
647 2413 854 2460 eleemosynis
881 2412 989 2447 Eccle-

247 2466 310 2501 siae
330 2465 493 2501 Romanae
504 2463 687 2500 solemniter
705 2471 750 2497 est
764 2470 989 2505 constructum,

249 2514 281 2549 in
305 2527 370 2562 quo
402 2514 599 2561 recipiuntur
630 2520 659 2546 et
693 2511 876 2546 reficiuntur
913 2523 992 2559 pau-

250 2574 341 2610 peres
365 2572 396 2599 et
418 2563 545 2607 infirmi,
566 2569 596 2597 et
617 2560 805 2596 exhibentur
822 2560 881 2595 alia
897 2572 989 2607 opera

250 2612 384 2660 pietatis,
405 2612 445 2647 ad
465 2612 624 2659 exemplar
651 2609 750 2644 felicis
768 2609 991 2644 recordationis

329 2668 402 2701 Ball.
418 2668 494 2699 Rom.
518 2668 570 2698 Vol.
589 2667 638 2698 111.
795 2665 829 2695 41

1647 229 1710 262 521

1024 294 1195 328 innocentii
1245 295 1346 340 Papae
1379 293 1628 342 praedecessoris
1668 294 1765 329 nostri

1022 343 1081 378 sub
1117 343 1197 378 beati
1236 343 1318 378 Petri
1357 353 1386 378 et
1430 353 1531 378 nostra
1575 343 1767 391 protectione

1022 393 1222 439 suscipimus,
1245 402 1273 427 et
1309 395 1482 440 praesentis
1520 393 1627 440 scripti
1672 393 1767 441 privi—

1026 442 1107 489 legio
1133 442 1378 477 commuuimus.
1398 442 1579 477 Statuentes
1607 451 1639 478 ut
1674 454 1768 488 regu-

1023 492 1095 526 laris
1116 491 1193 526 ordo
1215 493 1267 538 qui
1295 492 1469 526 secundum
1494 491 1608 533 Deum,
1630 500 1660 526 et
1683 492 1768 525 insti·

1023 542 1176 576 tutionem
1200 541 1328 575 fratrum
1352 541 1516 588 hospitalis
1547 540 1652 575 Sancti
1691 540 1766 588 Spi-

1024 592 1101 626 ritus
1128 590 1242 625 ibidem
1267 591 1428 624 institutus
1457 602 1524 624 esse
1558 590 1767 635 dignoscitur,

1024 641 1184 687 perpetuis
1216 640 1410 686 temporibus
1454 639 1672 674 iuviolabiliter
1710 640 1767 674 oh-

1022 698 1171 724 servetur.
1195 689 1262 724 Hoc
1290 698 1391 723 tamen
1414 688 1547 729 adiecto,
1583 697 1614 722 ut
1651 689 1681 722 in
1714 701 1767 723 ea-

1022 739 1093 773 dem
1117 738 1258 773 Ecclesia
1285 745 1568 785 quatuor·semper
1589 738 1625 772 ad
1663 739 1767 772 minus

1022 789 1084 823 sint
1110 788 1214 823 clerici
1251 789 1388 834 regulam
1421 787 1562 822 ciusdem
1602 787 1767 833 hospitalis

1024 837 1178 884 professi,
1210 839 1262 884 qui
1296 850 1351 883 pro
1381 836 1472 871 nobis
1505 845 1534 871 et
1575 836 1767 883 praedeces-

1023 886 1148 921 soribus
1182 899 1217 921 ac
1251 885 1519 925 successoribus,
1558 894 1588 920 et
1623 885 1768 920 fratribus

1023 936 1137 971 uostris
1165 936 1239 970 viris
1271 936 1385 983 pariter
1425 948 1460 970 ac
1503 934 1659 969 defunctis
1695 943 1767 981 spe-

1022 985 1141 1020 cialiter
1167 985 1377 1024 obsecrantes,
1409 984 1511 1019 omnia
1535 984 1705 1031 spiritualia
1729 985 1764 1018 li-

1023 1034 1168 1069 heraliter
1189 1035 1429 1078 aminiuistieut,
1451 1042 1481 1068 et
1507 1046 1601 1079 super
1628 1033 1675 1067 his
1698 1033 1768 1067 nul-

1023 1084 1082 1117 lius
1120 1084 1180 1117 nisi
1228 1083 1359 1118 Romani
1395 1083 1556 1117 Pontificis
1583 1082 1766 1117 correctioni

1022 1134 1219 1172 subiaceant,
1254 1133 1290 1167 ad
1329 1145 1421 1179 quem
1461 1132 1583 1178 quoties
1619 1131 1767 1178 expedit·-

1024 1183 1072 1225 rit,
1095 1183 1267 1216 monitione
1300 1182 1486 1228 praemissa,
1513 1181 1690 1215 charitativa
1718 1180 1768 1214 [iat

1022 1246 1036 1265 a
1075 1231 1220 1266 fratribus
1257 1231 1459 1278 proclamatio
1492 1239 1617 1277 propter
1653 1229 1768 1272 Deum,

1022 1289 1057 1315 ut
1084 1282 1150 1327 ipse
1173 1281 1296 1327 cognita
1326 1281 1453 1314 veritate
1492 1279 1640 1314 decernat
1685 1281 1767 1325 quod

1022 1342 1079 1364 suo
1108 1329 1251 1376 prudenti
1280 1330 1411 1363 consilio
1445 1328 1569 1363 duxerit
1600 1328 1767 1374 providen-

1021 1379 1109 1413 dum.
1132 1379 1195 1425 lpsi
1222 1388 1325 1413 autem
1350 1379 1429 1413 victu
1473 1386 1503 1412 et
1543 1378 1654 1412 vestitu
1692 1389 1769 1412 con-

1023 1428 1110 1472 tenti,
1137 1440 1231 1475 quem
1254 1429 1299 1462 eis
1334 1427 1507 1462 secundum
1538 1427 1680 1461 eamdem
1719 1439 1768 1462 re-

1022 1478 1125 1522 gulam
1142 1477 1352 1524 praecipimus
1364 1476 1517 1517 exhiberi,
1531 1475 1647 1511 divinis
1662 1486 1769 1512 vacent

1022 1527 1142 1567 officiis,
1169 1535 1199 1561 et
1221 1526 1383 1561 intendant
1416 1526 1636 1561 ecclesiasticis
1672 1537 1770 1560 sacra-

1023 1577 1148 1618 mentis,
1164 1577 1201 1611 ita
1217 1575 1300 1623 quod
1318 1576 1356 1610 de
1368 1576 1436 1610 aliis
1456 1576 1617 1621 hospitalis
1637 1575 1770 1622 negotiis

1026 1637 1150 1673 praeter
1175 1626 1411 1660 concessionem
1441 1625 1578 1670 magistri
1606 1636 1639 1659 se
1674 1623 1771 1659 nulla-

1025 1685 1116 1710 tenus
1145 1675 1364 1714 intromittant,
1379 1674 1432 1709 sed
1448 1674 1552 1708 omuia
1573 1673 1768 1720 dispositioni

1024 1733 1107 1764 tuae,
1131 1725 1170 1758 fiii
1196 1726 1360 1770 magister,
1387 1732 1416 1758 et
1438 1735 1654 1758 successorum
1697 1731 1769 1757 tuo-

1025 1787 1106 1817 rum,
1134 1776 1178 1809 vel
1197 1786 1319 1814 eorum,
1347 1774 1399 1820 qui
1422 1786 1475 1819 per
1502 1781 1542 1813 te,
1565 1772 1611 1807 vel
1639 1785 1693 1818 per
1713 1784 1768 1806 eos

1024 1824 1061 1858 ad
1087 1824 1162 1858 haec
1184 1821 1300 1858 fuerint
1327 1822 1481 1869 deputati,
1508 1823 1574 1856 siue
1611 1822 1769 1856 contradi-

1025 1875 1128 1907 ctione
1149 1885 1185 1907 ac
1207 1873 1458 1907 murmuratione
1481 1872 1669 1918 relinquant.
1694 1871 1770 1905 Cae-

1026 1930 1125 1957 terum
1148 1934 1220 1956 cum
1262 1923 1409 1957 unionem
1436 1922 1578 1956 eiusdem
1594 1919 1768 1967 hospitalis,

1026 1980 1055 2005 et
1076 1971 1184 2006 Sancti
1206 1971 1345 2018 Spiritus
1372 1972 1402 2005 in
1426 1970 1691 2016 Moutcpessulan.
1717 1981 1770 2003 vo-

1027 2020 1075 2055 bis
1109 2028 1140 2055 et
1162 2020 1306 2067 hospitali
1331 2029 1432 2054 vestro
1456 2021 1486 2053 in
1512 2018 1727 2066 spiritualibus
1741 2028 1770 2052 ut

1028 2069 1252 2117 temporalibus
1305 2070 1509 2116 perniciosam
1564 2069 1770 2113 cognorimus

1026 2129 1056 2154 et
1078 2120 1274 2158 damnosam,
1297 2119 1394 2165 ipsam
1423 2118 1461 2152 de
1489 2118 1617 2152 fratrum
1642 2125 1769 2151 nostro-

1028 2181 1096 2203 rum
1131 2168 1264 2202 consilio
1299 2167 1493 2214 providimus
1525 2165 1768 2200 dissolvendam.

1027 2219 1209 2253 Statuentes
1236 2225 1268 2251 ut
1306 2229 1362 2251 nec
1391 2216 1472 2250 istud
1511 2215 1566 2255 illi,
1602 2226 1658 2249 nec
1693 2214 1770 2248 illud

1029 2268 1077 2302 isti
1106 2268 1135 2301 in
1163 2266 1269 2313 aliquo
1296 2274 1449 2308 teneatur,
1477 2276 1533 2299 nec
1555 2264 1641 2298 vobis
1667 2272 1697 2298 et
1711 2264 1771 2298 illis

1028 2315 1146 2363 aliquid
1174 2318 1212 2350 sit
1234 2327 1413 2354 commune,
1443 2326 1505 2348 non
1528 2313 1669 2348 obstante
1707 2312 1772 2359 pri-

1030 2367 1141 2411 vilegio
1163 2364 1235 2398 dicti
1272 2363 1520 2411 praedecessoris
1558 2362 1681 2402 nostri,
1725 2362 1771 2396 vel

1030 2425 1147 2456 nostro,
1175 2414 1199 2448 si
1223 2413 1306 2460 quod
1333 2425 1428 2458 super
1456 2413 1570 2446 unione
1593 2412 1658 2458 ipsa
1680 2423 1774 2458 appa-

1030 2465 1124 2499 ruerit
1149 2464 1359 2509 impetratum.
1385 2461 1551 2496 Caeterum
1572 2473 1643 2495 cum
1675 2461 1774 2496 eccle-

1030 2515 1073 2547 sia
1095 2512 1228 2548 Sanctae
1251 2511 1364 2547 Mariae
1386 2511 1416 2545 in
1444 2510 1547 2551 Saxia,
1567 2520 1596 2545 et
1618 2509 1772 2558 hospitale

1031 2569 1244 2597 constructum
1269 2561 1383 2595 ibidem
1410 2560 1448 2595 ad
1472 2571 1529 2595 nos
1557 2559 1643 2595 nullo
1677 2560 1773 2607 perti-

1032 2619 1101 2645 neat
1124 2611 1290 2648 mediante,
1319 2610 1403 2644 salvo
1425 2609 1507 2658 quod
1543 2608 1646 2644 clerici
1688 2609 1772 2644 eius-

1784 240 1831 265 An.
1851 238 1878 264 C.
1894 238 1958 264 1217

1790 696 1817 716 Dc
1826 702 1911 716 numero
1921 696 1964 716 cle-

1781 728 1870 747 ricorum
1886 728 1961 748 ihidcru

1781 759 1929 779 servientium:

1796 1088 1809 1107 Ε
1819 1093 1910 1115 *rumque
1931 1087 1963 1107 of-

1782 1119 1837 1139 flcio.

1798 1872 1895 1894 Dissolvit
1904 1872 1928 1893 ab
1939 1877 1964 1894 eo

1784 1904 1887 1931 hospitate
1904 1903 1964 1924 Mou-

1784 1935 1918 1962 tispessulan.
