2129 3223
18 1919 20 1922 ›
66 1911 116 1927 snae
157 1905 269 1926 numini--

72 228 123 258 An.
141 229 170 256 C.
184 230 252 257 ¹228

875 235 1059 258 ont-:Goluus
1082 236 1114 258 ΙΧ
1138 236 1186 259 vt).

1684 229 1754 262 435
1820 240 1870 267 An.
1891 240 1919 267 c.
1935 241 2001 268 ηεξ

268 298 362 321 suave
388 295 435 321 est
458 288 566 333 iugum
590 287 729 327 Domini,
759 297 787 322 et
811 302 891 324 onos
916 289 1016 336 ipsius
1057 289 1137 324 latis.
1165 290 1198 323 Si
1227 291 1298 336 quis
1327 291 1420 325 buius
1454 293 1558 326 statuti
1594 301 1804 338 transgressor

268 336 354 376 leve,
388 336 530 371 servituti
557 336 684 371 divinae
714 338 900 373 fiducialiter
936 338 1015 373 colla

268 385 426 426 subdatis,
454 386 528 431 quia
555 385 625 420 licet
654 386 878 433 incipientibus
911 400 1015 434 angu-

267 441 336 469 stae
368 434 434 469 viae
473 434 601 470 Domini
642 435 822 475 rideantur,
865 436 1014 482 paulatim

267 491 370 518 tamen
398 485 515 519 assueti
542 493 674 519 currunt
700 485 840 520 hilariter
868 487 898 520 in
921 498 1014 520 man-

267 532 412 567 datorum
439 545 568 568 suornm
591 534 712 569 semitis
737 534 816 568 servi
843 535 922 569 eius.
951 535 1014 569 Tv-

268 593 326 616 nor
346 591 451 616 antem
478 590 667 618 statutorum
695 583 834 630 ipsorum
862 584 932 618 talis
955 592 1011 618 cst:

391 631 424 665 ln
454 632 582 666 nomine
602 632 742 667 Domini.
771 633 884 667 Amen.

268 679 361 714 Anno
385 681 504 726 gratiae
530 681 698 716 millesimo
720 681 938 717 ducentesimo
969 683 1012 717 ri-

265 730 387 774 gesimo
413 737 520 774 sexto,
553 730 687 777 septimo
720 731 790 764 idus
822 731 1010 767 decembris.

315 777 397 813 Cum
438 779 576 814 universi
615 779 744 814 abbates
783 781 1010 816 monachornm

264 827 433 873 Nigrorum
469 829 646 875 provinciae
677 828 891 864 Narbonensis
927 831 1009 877 apinl

265 877 490 912 monasterium
533 878 639 913 Sancti
684 878 801 912 Tiberii
844 880 1011 925 Agatensis.

264 925 420 961 dioecesis
445 927 620 962 secundum
662 927 844 962 mandatum
883 938 1011 975 aposto—

264 974 360 1010 licum
384 987 440 1022 pro
470 975 692 1011 reformatione
719 977 840 1011 ordinis
866 978 902 1011 ast
927 978 1010 1012 cele-

263 1023 418 1059 brandum
460 1025 651 1071 provinciale
687 1026 859 1071 capitulum
893 1038 1010 1061 conve-

262 1073 402 1115 nissent;
429 1085 487 1108 nos
517 1074 610 1109 frater
635 1075 687 1118 R,
713 1074 772 1110 Dei
801 1076 1009 1122 permissione

263 1122 368 1157 dictus
388 1122 486 1158 abbas
507 1122 640 1163 Crahae,
663 1132 693 1158 et
715 1124 752 1158 A.
767 1123 875 1159 Sancti
897 1124 1009 1159 Hilarii

261 1170 358 1207 abbas
383 1172 423 1206 de
452 1184 584 1207 assensu
615 1173 804 1208 venerabilis
838 1174 942 1208 fratris
968 1173 1007 1209 G.

261 1220 320 1255 Dei
341 1221 440 1266 gratia
467 1221 590 1258 abbatis
616 1221 723 1256 Sancti
748 1222 852 1257 Pontii
875 1223 915 1258 de
929 1223 1008 1257 Tho-

263 1270 391 1314 meriis,
423 1271 477 1317 qui
512 1271 542 1305 in
568 1272 651 1318 gravi
680 1272 860 1306 infirmitate
888 1273 1009 1319 positus

264 1318 357 1354 nobis
370 1320 453 1354 vices
472 1332 545 1354 suas
566 1321 767 1355 commiserat
789 1321 820 1355 in
836 1321 894 1355 hac
910 1330 1007 1368 parte,

262 1368 422 1403 advocatis
454 1368 618 1404 nobiscum
648 1370 881 1404 venerabilibus
912 1371 1007 1417 patri-

261 1416 323 1452 bus
348 1417 385 1452 B.
414 1418 630 1464 Fontisgridi,
652 1426 683 1452 et
708 1418 746 1452 R.
775 1419 1007 1465 Vallismagnae

260 1465 429 1502 abbatibus
442 1467 562 1503 ordinis
576 1466 808 1508 Cisterciensis,
822 1469 1007 1504 auctoritate

259 1515 430 1563 apostolica
457 1528 518 1564 qua
555 1516 718 1563 fungimur
749 1518 781 1551 in
817 1517 874 1552 bac
902 1526 1006 1564 parte,

259 1564 368 1600 habito
388 1565 530 1612 diligenti
554 1574 698 1607 tractatu,
724 1574 755 1601 et
777 1567 845 1613 ipso
867 1567 1007 1612 capitulo

259 1614 467 1662 approbante,
489 1615 629 1650 invocata
645 1614 784 1662 Spiritus
805 1615 911 1650 Sancti
935 1629 1007 1663 gra-

261 1664 320 1707 tia,
357 1663 395 1698 ad
432 1666 659 1699 correctionem
695 1672 726 1699 et
752 1664 1005 1701 reformationem

260 1713 381 1748 ordinis
408 1714 621 1760 processimus
642 1714 671 1747 in
699 1713 784 1748 hunc
813 1714 953 1749 modum.

308 1762 332 1796 1.
359 1761 552 1804 Statuimus‚
587 1771 619 1797 ut
651 1764 680 1797 in
704 1763 837 1809 singulis
875 1763 1006 1799 abbatiis

78 1813 248 1840 Ahb⁸²‘⁵›t²¹³⁰·
261 1819 292 1846 et
317 1811 507 1858 prioratibus
529 1811 803 1856 conventualibus,
834 1821 916 1846 certa
939 1813 1006 1848 dies

66 1850 115 1896 iiiiii
129 1843 248 1896 ⁰231„ssss
261 1860 417 1907 generalis
442 1861 569 1908 capituli
591 1861 779 1907 assignetur,
801 1862 831 1895 in
855 1874 914 1908 qna
945 1870 1004 1897 tam

117 635 204 657 Statura.

66 1937 249 1958 antinum-:cu-
264 1921 330 1956 ipse
351 1909 460 1948 abbas,
482 1923 575 1957 quan]
599 1923 710 1945 omnes
731 1910 948 1945 obedientiarii
976 1919 1007 1946 ct

65 1966 132 1994 rit-1¹⁰
152 1965 248 1993 cenerati
263 1959 383 2006 priores
405 1959 535 1993 reddant
569 1960 600 1994 in
628 1960 753 2006 scriptis
786 1959 825 1994 de
852 1962 916 1994 suis
950 1961 1007 1995 ad-

65 1998 166 2050 ξ’ξζῗζὲξῖε
201 2002 249 2018 '¹¹⁰'
263 2008 548 2043 ministrationibus
587 2008 797 2054 plenissimam
837 2010 1006 2050 ratiotieni;

262 2058 304 2092 ita
342 2057 426 2104 quod
461 2069 587 2097 omnes,
626 2058 679 2104 qui
718 2058 1006 2094 administrationes

261 2106 384 2153 aliquas
404 2107 573 2150 tenuerint,
595 2107 728 2141 reddant
743 2117 924 2154 computum
945 2118 1004 2143 tam

260 2155 303 2191 de
318 2156 464 2203 receptis,
486 2167 579 2203 qnam
603 2156 642 2190 dc
663 2157 810 2204 expensis
830 2158 901 2192 anni
923 2170 1008 2204 prae-

262 2204 421 2249 cedentis,
461 2213 491 2239 et
519 2205 705 2239 renuncient
731 2205 889 2250 absolute,
921 2210 1005 2242 omni

262 2254 482 2298 excusatione,
509 2254 674 2298 dilatione,
700 2267 735 2289 ac
762 2256 1008 2292 contradictione

263 2303 410 2347 remotis,
445 2305 537 2337 etiam
567 2315 628 2337 non
664 2304 824 2350 requisiti,
853 2305 883 2339 in
912 2303 1029 2340 manui

263 2352 310 2387 sui
332 2352 451 2387 abbatis
473 2352 797 2387 administrationibus
818 2355 901 2391 suis,
930 2356 1006 2388 nitri}
1026 2347 1029 2371 t

265 2413 362 2447 penes
388 2413 441 2441 se,
471 2401 516 2435 vet
543 2401 638 2435 alium
675 2402 798 2448 penitus
824 2404 1005 2438 retinentes.

262 2449 404 2485 Abbates
438 2458 541 2485 tamen
569 2462 623 2485 eos
645 2451 825 2492 restituant,
852 2464 931 2498 quos
959 2454 1009 2486 iu-

265 2560 316 2592 se,
350 2556 385 2583 ut
416 2549 461 2583 sic
482 2556 637 2591 servetur,
666 2556 697 2582 et
718 2548 826 2584 devota
849 2550 1009 2586 humilitas

265 2597 296 2631 in
318 2596 478 2639 subiectis,
506 2605 536 2633 et
559 2598 642 2633 utilis
658 2597 854 2645 providentia
876 2600 907 2633 in
923 2612 1011 2647 prae-

1057 338 1164 376 sucrit,
1192 338 1231 373 dc
1260 340 1384 386 proprio
1412 342 1600 376 monasterio
1625 342 1803 388 expellatur

1055 396 1086 422 et
1120 388 1150 422 in
1187 388 1247 423 alio
1284 390 1472 424 monasterio
1509 390 1709 432 detrudatur;
1744 404 1802 427 nec

1053 437 1155 484 aliqua
1180 438 1298 472 ratione
1322 438 1351 472 in
1386 439 1511 486 proprio
1540 441 1729 476 monasterio
1751 454 1801 475 rc-

1053 487 1186 532 cipiatur
1201 499 1298 533 usqne
1313 487 1349 521 ad
1366 496 1474 522 nutum
1490 489 1618 535 capituli
1632 490 1796 535 generalis.

1103 535 1140 570 ll.
1175 535 1369 579 Statuimus,
1398 546 1429 570 ut
1465 539 1583 584 priores
1616 539 1799 573 claustrales
1825 556 1904 581 onnes
1948 557 1998 578 9112*

1054 584 1257 619 instituantur
1293 585 1411 631 providi
1440 595 1468 620 et
1499 586 1644 627 discreti3
1679 601 1796 622 secun-
1814 586 1944 636 J'fbffiffl'

1053 633 1128 668 dum
1151 633 1235 681 quod
1259 634 1288 668 in
1311 635 1555 680 congregatione
1583 636 1714 671 inveniri
1741 650 1798 684 po-

1053 691 1157 718 terunt
1194 683 1343 729 aptiores.
1379 683 1471 725 Quod
1504 685 1528 718 si
1564 685 1641 720 forte
1669 686 1698 720 in
1733 687 1797 720 suis

1054 733 1252 767 monasteriis
1287 744 1349 767 non
1377 732 1589 768 inveniuntur.
1616 761 1622 767 .
1648 762 1654 768 .
1680 761 1686 768 .
1709 747 1798 770 asso-

1053 790 1187 817 mantur.

1100 830 1152 865 Ill.
1181 831 1257 866 ltem
1286 831 1468 872 statuimus,
1497 840 1529 867 ut
1556 833 1702 879 quotiens
1724 847 1798 869 sen·
1825 849 1994 877 Leniore-quta

1052 881 1147 915 tentia
1171 880 1296 926 regulae
1320 881 1548 926 pronunciatur
1570 883 1599 916 in
1623 883 1759 929 capitulo
1781 896 1796 917 a
1812 885 1832 904 ¹⁰
1850 884 1941 910 ‘³⁹³¹⁰¹‘⁴

1052 929 1265 976 praesidente,
1293 929 1340 965 vel
1368 929 1406 963 ab
1433 942 1481 970 eo,
1507 932 1556 966 eui
1584 932 1708 966 iusserit
1734 932 1796 975 illc,

1050 979 1103 1025 qni
1133 979 1300 1023 praesidet,
1323 987 1505 1023 exponatur.

1099 1027 1151 1061 tv.
1180 1028 1256 1063 ltem
1285 1028 1472 1072 statuimus,
1501 1038 1533 1064 ut
1559 1029 1720 1064 silentium
1747 1039 1794 1065 te-
1826 1045 1933 1066 {naviam
1952 1052 1995 1071 qr.

1051 1085 1160 1110 nentur
1192 1090 1316 1123 semper
1350 1078 1379 1110 in
1417 1071 1552 1112 oratorio
1591 1076 1995 1132 monasterii721¹jese⁵flim¹⁸ggfi

1051 1125 1217 1160 refectorio
1244 1134 1273 1160 et
1301 1126 1502 1171 dormitorio,
1536 1135 1567 1161 et
1596 1127 1624 1161 in
1661 1128 1900 1164 clauso-onmw

1051 1175 1108 1208 nisi
1134 1175 1219 1210 boris
1241 1175 1276 1209 ad
1300 1175 1495 1221 loquendum
1517 1177 1651 1211 statutis
1675 1177 1707 1211 ln
1726 1190 1796 1212 mo-

1050 1225 1193 1259 nasteriis
1221 1236 1305 1268 vero,
1340 1226 1370 1258 in
1399 1224 1514 1270 quibus
1548 1233 1616 1260 vota
1653 1226 1794 1262 fidelium

1049 1282 1252 1313 concurrunt,
1275 1272 1423 1319 loquendi
1447 1274 1571 1308 licentia
1594 1287 1667 1310 cum
1690 1276 1797 1311 mode.—

1049 1323 1168 1356 ramine
1184 1323 1328 1369 personis
1344 1323 1527 1358 necessariis
1542 1324 1580 1357 sit
1597 1325 1757 1369 permissa.

1097 1371 1133 1404 V.
1161 1371 1237 1406 Item
1257 1372 1437 1414 stamnum-3,
1461 1381 1493 1406 ut
1521 1373 1666 1408 monachi
1694 1374 1723 1408 iu
1746 1387 1795 1408 sa-
1830 1385 1869 1406 1121
1890 1386 1993 1406 sarantes

1047 1421 1109 1454 cris
1130 1420 1296 1455 ordinibus
1318 1420 1478 1455 constituti
1506 1422 1536 1456 in
1564 1421 1657 1468 longo
1684 1423 1795 1458 itinere
1810 1415 1938 1468 ffiffiffflffl
1954 1417 1993 1437 Μ’

1049 1469 1217 1516 profecturi
1263 1471 1331 1504 sine
1365 1469 1519 1506 breviario
1567 1471 1614 1506 vel
1649 1472 1795 1519 psalterio

1048 1531 1110 1553 non
1135 1527 1309 1553 mittantur.

1096 1567 1147 1602 Vl.
1177 1568 1275 1611 ltem,
1302 1568 1387 1615 quod
1415 1569 1560 1604 monachi
1594 1582 1656 1605 non
1685 1580 1794 1606 exeant
1823 1584 1873 1605 siue
1907 1588 1993 1606 „cenna

1047 1617 1217 1652 claustrum
1239 1618 1345 1664 aliquo
1372 1618 1476 1657 modo,
1501 1620 1546 1653 rel
1574 1619 1675 1665 aliqua
1701 1633 1797 1655 occa·
1810 1617 1926 1666 ssg'ssfss'fffffi
1950 1616 1993 1666 „3¹2

1046 1667 1152 1710 sione,
1175 1668 1244 1701 sine
1272 1666 1395 1701 licentia
1430 1668 1567 1708 abbatis,
1590 1670 1636 1703 vel
1661 1670 1886 1725 p··i0ris,03522n1
1918 1682 1992 1697 ‘nonar

1047 1723 1076 1749 ct
1096 1716 1154 1750 nisi
1171 1717 1381 1762 expresserint
1404 1730 1531 1752 cansam
1550 1718 1681 1753 itineris.
1702 1718 1793 1761 Quod
1809 1711 1820 1727 ε
1838 1714 1851 1725 ''

1047 1765 1071 1799 si
1097 1768 1380 1812 praesumpserint,
1414 1766 1581 1802 redeuntes
1607 1768 1675 1802 sine
1702 1768 1791 1803 satis-

1048 1813 1181 1849 factione
1218 1827 1278 1848 non
1312 1814 1529 1850 admssttautur.
1560 1816 1667 1864 anue
1696 1829 1795 1863 poena

1048 1863 1204 1909 infligatur
1226 1863 1273 1903 iis,
1289 1864 1397 1911 quide
1420 1865 1610 1900 obedientiis
1628 1866 1667 1901 ad
1690 1879 1796 1902 mona-

1047 1913 1177 1947 sterium
1201 1913 1349 1948 redierint
1372 1915 1440 1949 sine
1465 1914 1587 1949 licentia
1610 1917 1793 1963 superioris.

1047 1971 1077 1996 et
1103 1974 1228 1996 suarum
1260 1964 1441 1999 testimonio
1463 1964 1652 1999 litterarum:
1675 1978 1711 2000 ac
1739 1979 1796 2013 per

1049 2011 1106 2046 boc
1135 2011 1266 2046 abbates
1293 2025 1354 2047 non
1384 2013 1445 2047 sint
1473 2013 1580 2048 faciles
1613 2014 1643 2048 in
1672 2027 1795 2050 conce-

1047 2060 1148 2095 denda
1173 2061 1296 2095 licentia
1319 2062 1538 2097 claustralibus
1558 2064 1642 2098 exire
1664 2064 1704 2098 de
1731 2077 1794 2100 mo-

1049 2111 1203 2149 nasterio,
1232 2123 1289 2145 nec
1318 2113 1347 2145 in
1385 2112 1520 2156 paternis
1555 2111 1720 2153 domibus.
1749 2114 1794 2149 vel

1048 2160 1198 2194 laicorum
1227 2160 1439 2206 quorumlibet
1466 2161 1585 2195 (liutius
1611 2163 1792 2203 immorari,

1049 2221 1086 2242 ne
1125 2209 1204 2243 inter
1241 2209 1417 2244 saeculares
1456 2209 1591 2245 babeant
1631 2212 1792 2246 materiam

1047 2257 1210 2302 evagandi.

1097 2305 1164 2340 Vll.
1186 2306 1263 2341 Item
1291 2308 1479 2350 statuimus,
1514 2309 1599 2354 quod
1637 2309 1793 2354 infantes,
1822 2321 1875 2348 Quid
1917 2322 1991 2343 osse:-

1048 2357 1099 2401 qui
1133 2357 1330 2401 recipiuntur
1365 2357 1395 2390 in
1424 2358 1630 2398 monasteriis,
1657 2367 1687 2393 et
1713 2371 1795 2406 qno·
1808 2354 1932 2409 {fflffi‘uh'
1957 2359 1992 2374 ¹³*

1837 618 1939 637 ἰιιςΙΠΙνιε

1950 2388 1991 2404 lun¹

1027 2405 1029 2444 ἶ]
1050 2403 1124 2438 tidie
1146 2405 1273 2438 audiant
1296 2404 1434 2450 regulam
1456 2408 1582 2452 exponi,
1604 2416 1634 2441 et
1655 2407 1794 2443 scholam
1809 2413 1931 2439 iu‘ssssibusv
1951 2417 1992 2435 ¹³¹¹*

1810 2445 1864 2470 attis,
1880 2448 1899 2466 ot
1911 2447 1992 2473 quando

1027 2447 1109 2487 inon
1137 2461 1260 2494 exeant,
1283 2452 1384 2488 donec
1411 2454 1567 2501 legitimae
1593 2457 1655 2491 sint
1676 2458 1794 2502 aetatis,
1824 2475 1979 2502 professionem

266 2500 416 2539 venerint,
440 2498 574 2534 fideliter
595 2507 623 2533 et
646 2498 807 2534 humiliter
834 2489 1032 2536 ministras-l

1049 2511 1077 2536 ct
1105 2509 1179 2537 tunc
1200 2501 1427 2549 professionem
1460 2503 1573 2539 faciant
1599 2513 1629 2540 et
1655 2505 1795 2542 benedi·
1810 2508 1907 2557 ζζξὲῑξέ
1954 2508 1991 2527 ³⁴³⁴

1048 2552 1185 2586 ctionem
1208 2553 1365 2599 accipiant
1385 2553 1560 2588 secundum
1589 2554 1720 2590 formam
1745 2570 1795 2592 rc-

1027 2588 1150 2645 {gulata
1178 2600 1223 2635 Illi
1253 2613 1346 2646 vero,
1374 2603 1427 2649 qui
1465 2604 1494 2637 in
1529 2603 1664 2650 perfecta
1695 2615 1795 2641 aetate
