2129 3223
3 264 13 274 2
32 232 84 272 Αἱ».
95 241 126 271 c.
142 243 211 271 ηεξ

0 283 12 322 22

0 322 9 394 ,f

38 1239 150 1262 Alexandri
159 1245 211 1267 pro-

30 1276 111 1292 uentum
122 1271 211 1292 ratificat

11 1321 13 1323 .
30 1300 124 1324 vrb-nu·
131 1310 135 1322 z

61 2026 178 2055 Eademque

39 2059 112 2111 ἐξιὼν,
126 2058 211 2085 nogan-

850 243 993 267 mmascs
1014 243 1048 266 lV
1069 243 1117 266 PF.

1625 233 1693 267 695

224 298 283 334 sibi
314 307 344 333 et
366 299 522 334 Ecclesiae
549 310 622 333 suae
649 299 763 333 arctius
802 298 963 346 obligare13
981 301 985 318 ¹
1003 297 1123 342 damus,
1145 305 1301 346 quatenus
1329 307 1534 334 memoratum
1563 298 1743 335 Conradum

224 360 259 383 ac
282 348 436 396 praefatus
466 348 686 396 praedecessor
720 356 826 383 noster
858 348 963 383 laetari

225 406 328 445 posset
349 398 391 442 id,
412 397 496 444 quod
519 398 548 431 in
570 397 630 432 hoc
660 397 863 442 intendebat,
897 398 964 433 eius

223 447 329 482 solerti
354 447 459 482 studio
487 446 652 481 salubriter
685 448 874 493 provenisse.
914 447 963 482 Ad

224 496 301 532 haec
325 496 529 531 nihilominus
551 496 633 531 idern
663 496 882 542 praedecessor
909 509 964 532 no-

223 553 288 581 ster
313 546 343 580 in
366 558 476 581 omnes
502 545 666 589 electores,
682 546 734 592 qui
758 554 963 581 memoratum

224 607 355 642 puerum
382 595 418 630 ad
438 596 496 630 hoc
519 595 679 630 nominare
696 594 742 630 vel
761 596 886 642 eligere,
908 608 963 631 seu

225 646 253 679 in
277 646 378 692 ipsum
401 645 591 685 consentire,
620 653 672 679 aut
703 657 761 691 ope
796 646 840 680 vel
867 658 962 692 opera

223 694 401 734 consilium,
428 694 575 728 auxilium
599 693 645 729 vel
674 693 820 739 savorem,
844 703 875 729 ut
907 695 965 729 eli-

222 751 359 791 geretur,
380 744 452 778 dare
479 750 726 790 praesumerent,
753 745 965 778 excommuni-

223 793 355 829 cationis
380 793 566 828 sententiam
609 792 839 839 promulgavit,
872 806 963 840 quam

223 842 383 890 praecepit
404 854 460 890 per
486 842 632 877 eumdem
669 843 963 889 praedecessorem,

224 900 325 936 tuum,
360 899 525 938 antequam
559 892 597 926 ad
631 892 876 927 nominationem
916 893 962 927 vel

222 941 405 977 electionem
428 941 560 988 aliquam
589 940 902 988 procederetur,suis
917 954 966 976 co-

223 991 410 1027 electoribus
430 990 584 1034 nunciati,
606 990 690 1038 quod
712 991 737 1026 si
758 991 861 1026 dictus
884 1004 964 1038 prae

222 1041 370 1076 decessor
394 1047 469 1075 tuus
490 1052 552 1075 non
580 1039 705 1080 faceret,
746 1053 782 1076 eo
826 1042 893 1087 ipso
931 1053 965 1075 se

224 1098 365 1126 nosceret
390 1089 722 1125 excommunicationis
745 1091 867 1126 vinculo
909 1091 965 1125 ad-

223 1141 376 1176 strictum.

270 1189 337 1225 Nos
373 1189 466 1236 igitur
502 1188 714 1229 attendentes,
753 1188 837 1236 quod
880 1189 963 1224 idem

224 1238 403 1276 Alexander
424 1238 646 1285 praedecessor
672 1246 776 1273 noster
809 1238 846 1273 ad
874 1250 965 1285 prae—

225 1289 318 1325 missa
340 1301 411 1324 cum
434 1288 519 1322 omni
543 1287 748 1335 providentia,
772 1287 965 1335 circumspe-

224 1340 341 1380 ctione,
361 1338 544 1379 attentione,
567 1337 742 1372 maturitate
775 1349 811 1372 ac
837 1337 967 1372 delibe—

223 1389 342 1423 ratione
357 1387 520 1436 processit,
536 1398 571 1421 ac
589 1386 803 1442 praeiidentes
817 1387 964 1434 pericula,

223 1449 304 1485 quae
320 1444 510 1472 memoratae
523 1435 702 1470 Romanae
696 1437 896 1471 imminerent
908 1436 966 1470 Ec-

223 1487 351 1528 clesiae,
388 1486 413 1521 si
447 1486 551 1520 dictus
586 1484 753 1520 Conradus
786 1497 863 1533 puer
902 1485 964 1520 ullo

223 1549 363 1585 unquam
385 1544 525 1583 tempore
555 1543 766 1569 assumeretur
787 1535 826 1570 ad
852 1534 966 1569 huius-

223 1585 308 1621 modi
324 1586 452 1632 regiam,
464 1584 752 1631 velimperatoriam
770 1584 964 1631 dignitatem

223 1644 254 1670 et
279 1635 442 1683 cupientes
475 1633 587 1668 talibus
615 1634 762 1681 periculis
795 1634 965 1688 apostolica

223 1684 437 1720 sollicitudine
459 1694 650 1731 praecavere,
677 1683 857 1718 huiusmodi
881 1695 966 1718 eius-

224 1734 294 1770 dem
315 1733 485 1769 Alexandri
509 1732 757 1779 praedecessoris
780 1733 875 1767 nostri
899 1745 967 1779 pro-

222 1795 364 1825 cessum,
385 1783 423 1817 de
456 1781 584 1816 fratrum
618 1790 797 1816 nostrorum
836 1782 966 1816 consilio

223 1844 260 1868 ex
286 1840 368 1868 certa
389 1831 530 1875 scientia,
555 1831 743 1866 ratificamus
764 1839 793 1865 et
809 1830 966 1878 approba-

223 1894 306 1923 mus,
338 1894 374 1917 ac
399 1881 582 1916 auctoritate
604 1880 773 1927 apostolica
795 1880 966 1916 confirma-

225 1945 306 1967 mus.

272 1981 389 2016 Verum
415 1981 488 2028 quia
515 1979 617 2014 dictus
643 1979 866 2026 praedecessor
894 1987 966 2014 tuus

225 2030 264 2066 de
278 2030 380 2066 carnis
397 2028 554 2076 ergastulo
569 2029 722 2074 migravit,
741 2038 772 2064 ut
789 2041 965 2076 speramus,

224 2080 262 2116 ad
278 2079 465 2121 Dominum;
487 2090 548 2113 non
571 2078 761 2123 dubitantes,
783 2091 821 2113 ne
844 2086 888 2123 tu,
911 2080 965 2126 qui

224 2130 326 2166 eidem
362 2136 422 2164 tam
458 2130 488 2163 in
516 2127 652 2168 honore,
684 2140 778 2176 quam
805 2128 834 2162 in
870 2140 965 2163 onere

223 2178 414 2219 successisti,
444 2177 623 2212 huiusmodi
657 2190 822 2225 processus
848 2178 965 2213 inscius

223 2236 255 2265 et
286 2229 412 2276 ignarus
441 2229 564 2267 existas,
600 2239 779 2274 processum
807 2228 909 2274 ipsum
934 2228 963 2261 in

223 2290 389 2326 personam
424 2286 509 2312 tuam
550 2276 696 2311 duximus
734 2276 964 2318 innovandum;

223 2327 357 2376 ideoque
396 2326 618 2362 fraternitatem
658 2334 738 2360 tuam
781 2338 964 2367 monemus,

223 2389 369 2425 rogamus
390 2384 421 2412 et
442 2376 603 2411 hortamur
625 2382 741 2410 attente
764 2388 818 2423 per
844 2385 966 2423 aposto-

223 2426 282 2462 lica
315 2426 371 2461 tibi
398 2427 511 2473 scripta
544 2425 575 2459 in
610 2427 723 2460 virtute
755 2424 963 2466 obedientiae,

223 2484 254 2512 et
288 2475 347 2511 sub
381 2475 488 2511 debito
519 2474 687 2518 fidelitatis,
721 2486 783 2521 quo
812 2474 913 2517 nobis,
935 2483 964 2510 et

223 2525 382 2561 Ecclesiae
401 2525 562 2560 Romanae
584 2525 709 2570 teneris,
727 2536 763 2558 ac
784 2524 844 2558 sub
866 2537 964 2572 poena

224 2575 567 2615 excommunicationis,
597 2586 690 2621 quam
718 2581 851 2608 extunc
877 2574 907 2608 in
937 2583 964 2609 te

224 2620 423 2672 proferimus,
458 2624 597 2660 districte
624 2622 845 2671 praecipiendo
875 2635 965 2658 man-

1005 360 1134 394 puerum
1169 349 1256 383 nullo
1289 361 1425 396 unquam
1459 357 1599 396 tempore
1627 348 1658 384 in
1693 362 1744 386 re-

1003 409 1073 444 gem
1112 398 1218 444 eligas,
1254 410 1311 433 nec
1344 399 1501 439 nomines,
1530 410 1633 446 neque
1667 411 1745 436 con-

1005 447 1120 482 sentias
1141 447 1171 482 in
1190 447 1349 489 eumdem3
1368 447 1408 482 ita
1431 448 1514 495 quod
1535 451 1746 485 excommuni-

1004 504 1092 532 catus
1104 497 1230 538 existas,
1244 497 1270 531 si
1285 506 1392 532 contra
1407 497 1588 533 mandatum
1602 507 1744 535 nostrum

1005 546 1105 581 facere
1127 547 1172 582 vel
1200 547 1303 582 venire
1327 548 1587 594 praesumpseris,
1608 556 1639 583 et
1659 560 1745 584 eum-

1004 595 1074 630 dem
1102 595 1281 631 Conradum
1303 596 1514 632 nominaveris
1535 597 1581 632 vel
1602 597 1744 645 elegeris,

1004 653 1056 680 aut
1082 645 1112 680 in
1134 646 1237 693 ipsum
1263 647 1470 686 consenseris,
1492 658 1548 681 seu
1581 659 1672 694 opem
1697 648 1743 683 vel

1004 707 1142 741 operam,
1164 695 1342 739 consilium,
1364 695 1518 730 auxilium
1542 696 1587 731 vel
1609 696 1743 733 favorem

1007 752 1037 778 ut
1063 744 1193 791 eligatur
1228 745 1437 792 impenderis,
1468 753 1498 780 et
1527 746 1648 781 etiamsi
1677 747 1745 782 eius

1006 794 1247 829 nominationem
1291 802 1321 829 et
1361 794 1545 829 electionem
1578 807 1640 830 non
1678 797 1745 831 im-

1007 843 1159 888 pedireris
1180 852 1258 878 .toto
1293 856 1400 890 posse,
1434 851 1487 878 a'ut
1519 845 1544 879 si
1573 844 1611 879 ad
1647 845 1745 892 ipsius

1004 893 1186 927 electionem
1211 894 1254 928 vel
1274 893 1518 928 nominationem
1547 893 1652 941 aliquo
1671 903 1746 930 tem-

1006 954 1079 988 pore
1101 943 1178 977 forte
1199 943 1400 989 processeris,
1421 943 1501 978 scias
1527 950 1557 978 te
1583 944 1671 991 prius
1695 957 1746 979 ex-

1005 992 1285 1026 communicatione
1307 992 1447 1038 ligatum.
1468 992 1550 1027 Aliis
1566 1005 1638 1029 vero
1659 994 1746 1041 priu-

1005 1040 1127 1087 cipibus
1147 1041 1375 1076 coelectoribus
1396 1042 1459 1076 tuis
1480 1050 1541 1076 tam
1559 1042 1745 1078 ecclesiasti-

1005 1090 1060 1131 cis,
1088 1103 1180 1137 quam
1203 1091 1417 1126 saecularibus
1437 1091 1620 1127 auctoritate
1641 1102 1745 1128 nostra

1006 1139 1134 1175 firmiter
1160 1140 1313 1184 inhibeas,
1341 1152 1380 1175 ne
1411 1141 1513 1196 ipsum
1536 1141 1574 1176 ad
1597 1142 1656 1177 boc
1681 1155 1745 1178 no-

1006 1190 1126 1224 minent
1148 1189 1192 1224 vel
1220 1190 1349 1236 eligant,
1380 1202 1438 1225 nec
1464 1190 1495 1225 in
1517 1203 1590 1226 eum
1612 1203 1746 1227 consen-

1006 1239 1094 1280 tiant,
1117 1238 1345 1286 promulgando
1366 1239 1475 1274 eadem
1505 1241 1690 1276 auctoritate
1716 1242 1746 1276 in

1005 1300 1060 1323 eos
1103 1289 1438 1324 excommunicationis
1475 1290 1682 1331 sententiam,
1721 1291 1747 1326 si

1006 1346 1112 1372 contra
1152 1338 1231 1373 hanc
1269 1345 1353 1373 tuam
1383 1337 1599 1374 inhibitionem
1642 1340 1748 1375 venire

1005 1387 1205 1427 tentaverint,
1239 1387 1302 1422 imo
1334 1395 1490 1433 nostram,
1529 1388 1570 1423 ita
1602 1389 1687 1436 quod
1720 1390 1746 1424 si

1005 1448 1076 1470 eum
1100 1436 1163 1471 ullo
1193 1441 1329 1491 unqmim
1351 1444 1491 1483 tempore
1512 1438 1673 1473 nominare
1699 1439 1746 1473 vel

1005 1486 1131 1532 eligere,
1145 1494 1197 1520 aut
1219 1486 1251 1520 in
1273 1499 1376 1533 ipsum
1392 1488 1569 1522 consentire
1592 1499 1745 1544 praesum

1007 1536 1132 1590 pseiint,
1161 1544 1291 1570 noscant
1323 1547 1356 1570 se
1381 1536 1466 1582 prius
1491 1538 1747 1573 excommunica-

1007 1585 1100 1620 tionis
1127 1584 1251 1620 vinculo
1278 1584 1433 1631 alligatos,
1459 1594 1492 1620 ut
1517 1598 1554 1621 ex
1580 1586 1640 1622 hoc
1667 1587 1746 1634 ipso,

1005 1635 1030 1668 si
1065 1634 1104 1669 de
1140 1633 1298 1681 praedicto
1331 1634 1477 1669 Conrado
1510 1635 1680 1683 quidquam
1715 1637 1744 1671 in

1007 1683 1063 1717 hac
1092 1692 1177 1730 parte
1204 1691 1388 1718 attentatum
1412 1683 1517 1725 suerit,
1549 1685 1589 1719 sit
1617 1697 1746 1732 prorsus

1008 1745 1154 1773 vacuum,
1194 1732 1314 1766 irritum
1353 1740 1383 1768 et
1421 1733 1523 1768 inane.
1564 1733 1745 1769 Mandatum

1006 1782 1120 1829 itaque,
1141 1794 1177 1816 ac
1201 1789 1402 1829 praeceptum
1423 1794 1518 1829 super
1535 1782 1596 1819 hoc
1617 1792 1747 1830 aposto-

1006 1831 1099 1866 licum
1119 1832 1162 1866 sic
1185 1831 1328 1873 fideliter,
1350 1832 1506 1878 sapienter
1530 1840 1561 1868 et
1582 1832 1745 1869 efficaciter

1006 1881 1189 1928 adimpleas,
1208 1880 1293 1928 quod
1323 1893 1361 1916 ex
1378 1881 1428 1916 his
1449 1893 1506 1917 nos
1526 1890 1557 1917 et
1577 1882 1744 1930 praefatam

1006 1930 1177 1966 Romanam
1224 1930 1398 1966 Ecclesiam
1431 1930 1487 1966 tibi
1527 1940 1557 1966 et
1588 1932 1746 1968 Ecclesiae

1006 1988 1077 2014 tuae
1117 1980 1232 2015 arctius
1269 1979 1407 2027 obliges,
1449 1993 1571 2029 nosque
1611 1982 1746 2029 gaudere

1007 2030 1172 2076 possimus,
1207 2029 1236 2064 id
1264 2030 1348 2077 quod
1379 2031 1410 2065 in
1445 2030 1505 2066 hoc
1543 2031 1745 2077 intendimus,

1006 2087 1059 2114 tuo
1086 2079 1189 2114 solerti
1217 2079 1319 2114 studio
1340 2079 1506 2115 salubriter
1534 2081 1724 2128 provenisse.

1054 2128 1218 2164 Caeterum
1233 2129 1438 2164 nihilominus
1454 2130 1485 2164 in
1501 2142 1611 2166 omnes
1627 2130 1744 2166 electo-

1005 2191 1067 2223 res,
1089 2179 1141 2225 qui
1164 2178 1357 2213 nominatum
1380 2191 1510 2225 puerum
1523 2179 1562 2215 ad
1576 2180 1634 2215 hoc
1647 2181 1746 2215 nomi-

1006 2240 1090 2268 nare,
1107 2227 1153 2263 vel
1169 2228 1294 2274 eligere,
1309 2239 1364 2263 seu
1387 2228 1419 2263 in
1438 2229 1540 2275 ipsum
1557 2230 1744 2285 consentire,

1004 2286 1057 2312 aut
1092 2289 1182 2324 opem
1205 2277 1251 2312 vel
1278 2289 1420 2324 operam,
1448 2278 1630 2323 consilium,
1656 2280 1746 2314 auxi-⁶

1005 2326 1080 2361 lium
1107 2326 1154 2361 vel
1177 2326 1324 2365 faiQorem
1347 2334 1380 2361 ut
1400 2326 1544 2382 eligatur,
1565 2327 1640 2362 dare
1660 2340 1744 2383 prae-

1004 2376 1205 2422 sumpserint,
1216 2376 1744 2413 excommunicationissententiam

1006 2425 1252 2472 promulgamuS,
1275 2436 1367 2480 quam
1394 2425 1496 2460 statim
1519 2438 1574 2472 per
1595 2434 1635 2468 te,
1656 2435 1745 2462 ante-

1004 2487 1097 2522 quam
1131 2475 1168 2509 ad
1201 2474 1445 2510 nominationem
1484 2475 1531 2510 vel
1558 2475 1744 2512 electionem

1004 2524 1142 2579 aliquam
1162 2523 1266 2570 aliquo
1288 2531 1428 2571 tempore
1449 2525 1647 2580 procedatur,
1671 2525 1744 2561 reli=

1004 2574 1073 2629 quis
1100 2573 1161 2608 tuis
1184 2572 1412 2608 coelectoribus
1433 2574 1639 2622 praecipimus
1659 2587 1745 2610 nun-

1005 2623 1084 2667 tiari,
1121 2621 1204 2669 quod
1243 2622 1268 2657 si
1304 2634 1364 2658 non
1401 2623 1523 2659 feceris
1549 2636 1587 2659 eo
1620 2625 1687 2673 ipso
1713 2633 1742 2660 te

1759 243 1809 269 An.
1827 242 1855 268 b'.
1872 242 1937 269 ¹262
