2129 3223
51 257 104 299 au.
121 256 150 283 u.
167 256 232 285 1²⁶5

61 908 144 934 negati·
160 909 229 936 digui-

48 942 80 960 ιιι
90 941 109 960 ei
119 945 228 961 concussa.

59 1302 176 1325 muti-tum
194 1304 229 1330 (de

47 1339 88 1361 quo
95 1335 117 1355 in
126 1334 227 1360 rubrica)>

874 257 1018 281 emmaus
1046 257 1077 279 tv
1115 257 1164 280 re.

246 313 343 354 enim,
365 313 538 350 secundum
561 313 674 354 Deum,
701 314 731 348 in
761 325 832 361 rege
858 313 991 349 devotis-

246 363 326 398 simo
347 363 525 410 quaeritur,
549 363 606 398 nisi
631 362 700 398 {idei
735 363 963 398 firmamentum
981 391 988 402 ,

246 412 380 448 iustitiae
406 412 492 448 zelus
512 422 541 448 et
563 412 719 448 affluentia
747 413 890 460 pietatis?
904 412 988 455 Quid

244 461 325 497 circa
346 462 514 497 saecularia
533 462 598 498 laus
619 462 817 497 commendat
833 463 990 497 humana?

246 511 354 558 utique
380 511 590 547 affabilitatem
625 511 827 556 benivolam,
864 512 988 547 benefi-

244 561 365 596 centiae
398 561 529 608 gratiam
556 569 586 596 et
611 561 799 609 perspicacis
820 563 989 609 providen-

245 609 304 645 tiae
326 611 529 646 maiestatem.
556 609 641 646 Haec
668 610 805 658 profecto
827 611 857 645 in
877 611 986 646 eodem

244 671 316 706 rege
337 662 560 708 comperimus,
582 669 612 695 et
637 673 674 695 ex
696 660 746 695 his
779 660 828 695 illa
863 660 988 695 dilectio

244 710 397 756 provenit,
419 722 511 766 quam
535 709 602 757 ipse
617 709 699 757 apud
715 709 909 756 Largitotem
925 722 989 745 om-

243 758 329 793 nium
357 760 525 806 gratiarum
547 759 605 794 sibi
628 759 712 794 velut
726 759 836 794 haetes
851 759 988 795 dilectis-

244 808 342 843 simus
363 808 548 844 vendicavit.

291 861 306 901 ἓ
332 860 364 892 2.
393 857 565 893 Pensantes
588 857 694 904 igitur,
721 857 805 905 quod
829 857 988 892 extollitur

243 905 344 942 honor
364 906 472 942 Matris
492 906 654 942 Ecclesiae
676 906 727 942 tali
755 919 771 941 a
809 907 874 942 suis
909 907 987 942 ube-

243 955 330 991 ribus
357 955 420 991 sitio
446 956 657 1004 dependente,
683 956 832 1003 quodque
858 956 906 991 sui
922 964 988 991 sta-

243 1012 292 1040 tus
315 1005 548 1052 praeeminentia
570 1008 599 1040 in
621 1013 780 1040 maternae
801 1005 882 1040 cedit
908 1006 989 1039 exal-

241 1055 367 1090 tationis
380 1063 618 1110 augumentum,
631 1067 704 1089 eum
718 1055 796 1089 intra
811 1055 987 1110 praecordia

243 1112 345 1139 nostra
363 1105 573 1152 suscepimus,
595 1104 631 1139 ad
655 1104 714 1139 hoc
733 1105 909 1151 praecipuis
926 1112 989 1139 stu-

1656 244 1717 276 761

1031 325 1135 359 regem
1159 321 1189 346 et
1216 312 1353 358 reginam
1383 313 1514 359 inungas
1535 312 1676 354 eosdem,
1700 325 1772 349 vos-

1029 374 1090 409 que
1115 362 1264 407 universi,
1292 361 1337 396 vel
1361 362 1402 396 illi
1432 371 1580 404 vestrum,
1607 364 1658 410 qui
1683 375 1773 410 prae-

1029 421 1134 447 sentes
1161 411 1287 455 suerint,
1313 412 1428 446 eisdem
1460 424 1590 448 coronas
1626 412 1773 459 praedicti

1029 462 1114 508 regni
1129 461 1254 496 Siciliae
1278 461 1428 504 tribuatis,
1450 474 1623 510 eorumque
1645 463 1775 497 vertices

1030 511 1161 559 inclytos
1183 510 1318 546 reddatis
1356 510 1476 546 illarum
1506 512 1662 558 insignitis
1701 524 1772 547 cum

1028 561 1128 596 solitis
1154 560 1405 596 solemnitatibus
1427 560 1597 596 decoratos.

1077 614 1091 654 ξ
1118 613 1151 644 4.
1185 610 1341 652 Quocirca
1374 610 1583 651 mandamus,
1618 618 1773 658 quatenus

1029 660 1060 694 iu
1095 659 1201 694 urbem
1225 660 1444 695 convenientes
1471 660 1501 694 in
1525 672 1623 695 unum
1663 660 1771 695 eadem

1028 709 1178 744 solemnia
1202 709 1285 745 iuxta
1309 708 1490 744 huiusmodi
1518 709 1647 744 formam
1686 709 1773 744 vobis

1029 758 1185 799 traditam,
1209 759 1239 793 in
1268 759 1393 793 nomine
1416 770 1451 793 ac
1477 759 1591 794 virtute
1623 758 1773 793 Altissimi

1029 808 1208 854 prudenter,
1235 807 1407 843 honorilice
1428 820 1464 842 ac
1482 809 1575 843 etiam
1595 807 1773 854 diligenter,

1030 866 1122 904 prout
1149 856 1262 897 decet,
1302 866 1363 892 tam
1399 857 1533 892 arduum
1567 865 1597 892 et
1634 857 1775 892 solemne

1029 907 1188 961 negotium
1230 907 1341 954 exequi
1390 906 1550 941 studeatis.
1603 906 1775 953 Speramus

1028 957 1111 990 enim
1135 955 1166 990 in
1193 955 1342 1011 Domino,
1361 955 1445 1002 quod
1474 956 1567 990 iidem
1590 968 1643 990 rcx
1664 964 1694 991 et
1722 967 1774 990 re-

1028 1005 1101 1051 gina
1129 1014 1230 1040 tantae
1251 1006 1369 1051 gratiae
1405 1004 1657 1052 magnitudinem
1701 1017 1774 1040 me-

1030 1055 1145 1089 moriae
1167 1055 1335 1101 signaculis
1362 1054 1462 1089 taliter
1483 1055 1666 1100 alligabunt,
1689 1054 1774 1101 quod

1031 1104 1059 1137 in
1083 1103 1317 1139 delectationem
1341 1104 1385 1138 eis
1407 1104 1510 1139 teniet
1531 1105 1673 1139 omnium
1688 1103 1775 1139 Con—

241 1152 301 1188 diis
322 1153 532 1198 intendentes,
559 1163 592 1189 ut
616 1153 728 1200 regalis
757 1154 1010 1209 magnificentia
1029 1153 1119 1187 ditori
1154 1166 1209 1208 per
1237 1154 1391 1188 virtuosae
1432 1154 1511 1189 vitae
1545 1154 1708 1192 studium,
1743 1163 1772 1188 et

242 1202 390 1238 culminis
416 1202 558 1238 felicibus
579 1203 728 1250 auspiciis
751 1188 913 1238 exaltetur.

1008 1196 1152 1237 'sanctae
1179 1203 1277 1249 ipsius
1300 1202 1457 1238 Ecclesiae
1499 1203 1623 1250 placere
1662 1203 1774 1249 iugiter

290 1255 306 1296 5
333 1254 364 1286 3.
378 1251 458 1294 Quia
472 1264 543 1287 vero
555 1252 658 1287 dictus
671 1264 722 1286 rex
736 1251 859 1287 Siciliae
872 1264 887 1287 3
901 1250 989 1286 nobis
1008 1261 1010 1294 1
1030 1264 1087 1299 per
1110 1253 1252 1287 sincerae
1279 1252 1452 1287 devotionis
1473 1260 1712 1299 augumentum.

242 1299 327 1336 filiali
355 1301 544 1337 confidentia
569 1301 744 1349 postulavit,
773 1309 805 1335 ut
827 1313 897 1336 cum
923 1301 1011 1347 ipse

242 1350 361 1385 dictum
379 1363 508 1396 regnum
532 1352 590 1385 iam
613 1358 770 1385 annuente
790 1349 874 1405 Dec,
898 1362 1010 1405 prae-

243 1399 355 1447 vioque
381 1400 489 1435 salutis
510 1400 638 1447 angelo,
660 1399 698 1434 ad
729 1399 790 1434 hoc
816 1400 929 1434 intrare
957 1400 986 1433 in

243 1460 337 1484 manu
360 1450 502 1496 potenti
528 1458 558 1484 et
585 1449 711 1484 brachio
755 1449 895 1483 intendat
933 1439 1010 1486 exst

242 1505 340 1542 tento,
364 1499 447 1546 quod
471 1499 553 1533 velut
574 1499 688 1533 athleta
710 1497 824 1533 Christi
841 1506 988 1532 stienuus

243 1547 350 1582 hostes
375 1560 450 1583 suos
476 1557 505 1582 et
522 1557 764 1595 persequutores
785 1548 855 1582 fidei
878 1547 989 1582 exinde

245 1646 394 1682 minicum
408 1647 566 1694 spurcitiis
584 1626 820 1683 Saroacenorum
824 1655 989 1693 expurget

244 1695 393 1731 ecclesias
413 1708 539 1752 quoque
564 1709 600 1731 ac
624 1709 772 1751 personas
806 1708 912 1730 earum
953 1696 990 1730 li-

246 1744 353 1779 bet-tati
381 1747 532 1788 restituat,
554 1754 583 1780 et
609 1758 674 1785 eos,
700 1758 753 1792 qut
781 1753 853 1779 sunt
870 1745 989 1789 exules,

247 1792 406 1829 Ecclesiae
439 1804 627 1829 memoratae
666 1802 825 1841 praetextu
864 1795 992 1829 reducat

247 1953 309 1989 quo
331 1941 418 1977 illum
441 1941 517 1977 alter
536 1941 658 1976 Pharao
680 1942 734 1977 diu
757 1942 890 1977 detinuit
922 1942 989 1977 alli-

247 1999 365 2038 gatum,
393 2003 520 2038 prorsus
541 1990 688 2032 absolvat,
711 1991 769 2027 sibi
805 1999 834 2026 et
872 1991 991 2026 charis-

248 2041 347 2075 simae
365 2041 394 2074 in
417 2040 543 2075 Christo
565 2041 644 2075 filiae
666 2050 788 2077 nostrae
806 2041 914 2075 illustri
943 2053 991 2076 re·
1032 2050 1123 2085 „01355
1161 2063 1196 2086 30
1218 2052 1298 2086 dicta
1321 2051 1461 2087 Ecclesia
1496 2053 1634 2100 recipere
1667 2051 1776 2087 nulla..

248 2089 339 2136 ginae
361 2090 448 2124 uxori
472 2101 547 2125 suae
569 2090 741 2125 diademata
756 2091 873 2137 imponi
897 2091 990 2137 regia,

249 2147 279 2172 et
297 2139 422 2174 eosdem
445 2140 654 2186 moreinungi
679 2139 782 2174 debito
805 2140 991 2181 faceremus,

251 2199 307 2223 nos
328 2188 368 2223 de
395 2198 493 2224 vestra
515 2189 795 2236 circumspectione
827 2201 862 2224 ac
896 2189 994 2224 indu-

253 2336 424 2377 redimitos,
447 2337 478 2371 iu
505 2337 608 2371 arduis
630 2346 659 2372 et
693 2339 815 2385 magnis
836 2348 993 2384 expertos,

252 2397 288 2420 ac
314 2385 518 2427 honorabilia,
547 2388 609 2421 imo
647 2389 814 2434 praecipua
856 2388 993 2422 membra

253 2434 411 2470 Ecclesiae
432 2435 469 2470 ad
494 2436 667 2483 peragenda
689 2435 868 2471 huiusmodi
904 2449 994 2472 coro-

255 2485 389 2520 nationis
409 2493 440 2520 et
462 2486 654 2520 inunctionis
681 2485 830 2521 solemnia
848 2486 995 2521 duximus

255 2533 439 2569 fiducialiter
460 2535 632 2581 eligendos,
647 2535 879 2570 committentes
909 2536 995 2570 vobis

255 2595 351 2631 super
367 2584 414 2618 his
437 2583 575 2631 plenarie
588 2585 669 2619 vices
686 2595 816 2625 nostras,
842 2586 880 2620 ita
910 2585 994 2632 quod

256 2640 301 2674 tu,
329 2632 421 2668 frater
444 2634 626 2669 venerabilis
658 2634 803 2681 episcope
829 2634 996 2679 Albaneu7

374 2689 446 2719 Ball.
466 2690 540 2719 Rom.
565 2690 617 2719 t'ot.
639 2690 689 2719 ΙΙΙ.
822 2692 858 2721 96

250 2238 322 2272 stria
346 2237 471 2286 probata
495 2238 616 2276 confisi,
640 2251 694 2273 vos
721 2239 801 2273 velut
824 2239 905 2273 viros
926 2252 993 2274 sen·
1012 2251 1013 2254 ¹
1034 2221 1199 2247 nmmstan'

251 2295 336 2322 sams
368 2295 398 2322 et
433 2288 577 2334 providos
609 2288 758 2323 vimulum
795 2288 993 2323 mult-'tudine
1013 2278 1014 2313 t
1034 2267 1078 2299 vel
1102 2267 1353 2314 quibuscumque
1377 2280 1517 2314 personis
1544 2276 1596 2302 aut
1618 2267 1706 2308 locis,
1739 2280 1776 2302 ex

1013 2326 1015 2361 ζ
1034 2332 1071 2354 eo
1093 2320 1175 2367 quod
1204 2321 1320 2355 eisdem
1344 2321 1505 2356 solemniis
1527 2334 1588 2356 non
1611 2321 1776 2365 intersunt,

1077 1305 1092 1345 g
1120 1306 1151 1336 5.
1175 1300 1221 1335 De
1247 1301 1410 1336 clementia
1433 1314 1557 1349 quoque
1594 1301 1692 1348 Regis
1713 1301 1775 1336 Su-

1031 1351 1117 1395 perni
1139 1350 1337 1390 confidimus,
1359 1351 1443 1398 quod
1467 1352 1532 1397 ipse
1558 1351 1708 1385 diutinam
1731 1351 1774 1385 af-

1009 1399 1199 1435 flictionem
1219 1409 1249 1434 et
1272 1400 1352 1448 laer)
1347 1413 1423 1435 mas
1443 1400 1628 1436 afflictorum
1648 1399 1774 1455 praefati

1030 1450 1117 1495 regni
1145 1462 1181 1484 ex
1201 1449 1262 1484 alto
1285 1450 1492 1497 prospiciens,
1510 1462 1545 1484 ac
1568 1450 1773 1486 intentionem

1009 1497 1138 1544 quram
1173 1507 1203 1533 et
1246 1499 1359 1533 bonam
1395 1500 1492 1545 ipsius
1528 1500 1608 1546 regis
1647 1499 1774 1534 Siciliae

1009 1548 1198 1595 ¹clementer
1210 1548 1384 1588 advertens,
1399 1549 1444 1589 ei,
1467 1549 1517 1596 qui
1542 1551 1652 1583 iustam
1676 1549 1775 1585 scieu—

236 1605 388 1653 -potenter
408 1598 522 1653 eiiciat,
565 1610 600 1632 ac
632 1597 747 1632 ibidem
783 1609 892 1644 agrum
930 1597 1010 1631 ‹lo-¹

1735 1598 1774 1633 de

1030 1598 1103 1632 llam
1127 1605 1156 1632 Cl,
1196 1599 1274 1652 piam
1313 1611 1439 1633 CffllSdm
1477 1599 1701 1646 proqutlllur

1010 1654 1114 1693 ³parte
1136 1648 1279 1694 opposita
1310 1648 1503 1694 triumphum
1537 1648 1774 1683 desiderabilem

1031 1697 1188 1742 largietur.
1215 1697 1380 1731 Caeterum
1403 1697 1475 1744 quia
1497 1709 1535 1732 ex
1561 1698 1654 1733 certis
1677 1697 1775 1744 pactis

1010 1789 1011 1793 Ἰ
1032 1745 1110 1780 inter
1131 1745 1301 1781 Ecclesiam
1325 1755 1353 1781 et
1376 1758 1481 1792 regem
1508 1746 1635 1782 eosdem
1665 1746 1772 1782 haberi

1010 1832 1012 1837 λ
1031 1795 1238 1840 dignoscitur,
1272 1796 1354 1843 quod
1391 1795 1492 1831 dictus
1527 1809 1579 1831 rex
1619 1796 1708 1831 nobis
1745 1804 1775 1830 et

247 1842 285 1877 ad
308 1843 443 1890 propria,
469 1855 589 1878 necnon
605 1843 661 1878 Dei
683 1843 834 1891 populum
851 1844 880 1877 in
896 1855 991 1889 regno
1010 1839 1012 1859 ’ζ

247 1892 450 1928 constitutum
473 1893 583 1927 eodem
611 1906 626 1927 a
645 1893 797 1940 compede
820 1893 990 1935 servitutis,
1011 1895 1012 1898 ’

1031 1845 1132 1878 eidem
1160 1843 1320 1879 Ecclesiae
1355 1845 1536 1891 homagium
1576 1846 1684 1892 ligium
1717 1857 1772 1893 pro

1032 1905 1128 1940 regno
1150 1894 1218 1940 ipso
1240 1903 1271 1929 et
1298 1894 1387 1929 terris
1413 1896 1481 1929 aliis
1507 1895 1565 1929 sibi
1595 1895 1632 1929 ab
1664 1894 1774 1930 Eccle-

1031 1944 1074 1977 sia
1098 1942 1231 1989 praefata
1253 1945 1412 1978 concessis
1452 1944 1599 1979 exhibere
1644 1953 1774 1984 tenetur,

1034 1996 1177 2031 volumus
1209 1997 1292 2044 quod
1320 1997 1502 2033 huiusmodi
1525 1999 1704 2045 homagium
1722 2011 1776 2045 pro

1033 2113 1125 2140 tenus
1156 2106 1313 2140 omittatis.
1338 2106 1398 2140 Per
1423 2107 1590 2153 praemissa
1620 2107 1775 2154 siquidem

1033 2160 1241 2194 coronationis
1263 2168 1292 2194 et
1315 2160 1504 2195 inunctionis
1530 2161 1682 2195 solemnia
1717 2160 1776 2194 Pa-

1243 2225 1298 2248 seu
1337 2213 1493 2260 aliquibus
1526 2214 1593 2248 aliis
1628 2213 1777 2249 Ecclesiis

1035 2373 1080 2407 vel
1104 2373 1188 2421 quod
1211 2374 1261 2409 illa
1284 2375 1313 2408 in
1335 2374 1417 2409 Sede
1445 2375 1510 2422 ipsa
1534 2387 1594 2409 non
1617 2374 1706 2415 flunt,
1725 2383 1777 2411 aut

1035 2426 1110 2461 alias
1134 2428 1253 2462 nullum
1282 2429 1424 2463 volumus
1447 2429 1477 2463 in
1506 2437 1664 2476 posterum
1692 2441 1780 2475 prae-

1036 2481 1186 2515 iudicium
1208 2483 1361 2529 generari.

1085 2534 1197 2569 Datum
1217 2535 1335 2571 Perusii
1351 2544 1462 2583 quarto
1475 2536 1621 2572 kalendas
1635 2537 1777 2582 ianuarii,

1037 2589 1232 2635 pontificatus
1260 2591 1355 2625 nostri
1379 2603 1460 2625 anno
1483 2592 1592 2637 primo.

1084 2645 1144 2676 Dat,
1161 2647 1207 2676 die
1222 2647 1259 2676 *29
1275 2647 1385 2677 decem.
1406 2648 1487 2685 ¹265,
1502 2648 1602 2687 pontif.
1618 2658 1693 2678 anno
1709 2658 1727 2679 t.

1789 251 1836 276 Au.
1859 248 1967 275 01265
