<?xml version="1.0" encoding="UTF-8"?>
<!DOCTYPE html PUBLIC "-//W3C//DTD XHTML 1.0 Transitional//EN"
    "http://www.w3.org/TR/xhtml1/DTD/xhtml1-transitional.dtd">
<html xmlns="http://www.w3.org/1999/xhtml" xml:lang="en" lang="en">
 <head>
  <title>
</title>
<meta http-equiv="Content-Type" content="text/html;charset=utf-8" />
  <meta name='ocr-system' content='tesseract 3.04.00' />
  <meta name='ocr-capabilities' content='ocr_page ocr_carea ocr_par ocr_line ocrx_word'/>
</head>
<body>
  <div class='ocr_page' id='page_1' title='image "./bullarumdiplomat03cath/bullarumdiplomat03cath_0537.png"; bbox 0 0 2129 3223; ppageno 0'>
   <div class='ocr_carea' id='block_1_1' title="bbox 54 250 235 278">
    <p class='ocr_par' dir='ltr' id='par_1_1' title="bbox 54 250 235 278">
     <span class='ocr_line' id='line_1_1' title="bbox 54 250 235 278; baseline 0 0"><span class='ocrx_word' id='word_1_1' title='bbox 54 252 102 278; x_wconf 76' lang='lat' dir='ltr'>An.</span> <span class='ocrx_word' id='word_1_2' title='bbox 120 250 149 278; x_wconf 84' lang='lat' dir='ltr'>C.</span> <span class='ocrx_word' id='word_1_3' title='bbox 171 251 235 278; x_wconf 73' lang='lat' dir='ltr'>12u7</span> 
     </span>
    </p>
   </div>
   <div class='ocr_carea' id='block_1_2' title="bbox 58 1533 242 1616">
    <p class='ocr_par' dir='ltr' id='par_1_2' title="bbox 58 1533 242 1616">
     <span class='ocr_line' id='line_1_2' title="bbox 64 1533 240 1561; baseline 0 -7"><span class='ocrx_word' id='word_1_4' title='bbox 64 1533 186 1561; x_wconf 62' lang='lat' dir='ltr'>cappellani</span> <span class='ocrx_word' id='word_1_5' title='bbox 191 1539 240 1554; x_wconf 79' lang='lat' dir='ltr'>eon-</span> 
     </span>
     <span class='ocr_line' id='line_1_3' title="bbox 58 1563 242 1599; baseline -0.005 -14"><span class='ocrx_word' id='word_1_6' title='bbox 58 1564 149 1599; x_wconf 61' lang='lat' dir='ltr'>dtttones</span> <span class='ocrx_word' id='word_1_7' title='bbox 164 1566 185 1585; x_wconf 75' lang='lat' dir='ltr'>et</span> <span class='ocrx_word' id='word_1_8' title='bbox 194 1563 242 1584; x_wconf 68' lang='lat' dir='ltr'>fiiu-</span> 
     </span>
     <span class='ocr_line' id='line_1_4' title="bbox 59 1600 101 1616; baseline -0.048 0"><span class='ocrx_word' id='word_1_9' title='bbox 59 1600 101 1616; x_wconf 72' lang='lat' dir='ltr'>ma.</span> 
     </span>
    </p>
   </div>
   <div class='ocr_carea' id='block_1_3' title="bbox 846 249 1201 274">
    <p class='ocr_par' dir='ltr' id='par_1_3' title="bbox 846 249 1201 274">
     <span class='ocr_line' id='line_1_5' title="bbox 846 249 1201 274; baseline -0.008 0"><span class='ocrx_word' id='word_1_10' title='bbox 846 249 1056 274; x_wconf 62' lang='lat' dir='ltr'>Issucflxncs</span> <span class='ocrx_word' id='word_1_11' title='bbox 1082 249 1115 272; x_wconf 79' lang='lat' dir='ltr'>tv</span> <span class='ocrx_word' id='word_1_12' title='bbox 1153 250 1201 272; x_wconf 80' lang='lat' dir='ltr'>PP.</span> 
     </span>
    </p>
   </div>
   <div class='ocr_carea' id='block_1_4' title="bbox 248 305 1014 2658">
    <p class='ocr_par' dir='ltr' id='par_1_4' title="bbox 248 305 1014 2658">
     <span class='ocr_line' id='line_1_6' title="bbox 251 305 996 353; baseline -0.004 -11"><span class='ocrx_word' id='word_1_13' title='bbox 251 307 381 342; x_wconf 73' lang='lat' dir='ltr'>cessitas</span> <span class='ocrx_word' id='word_1_14' title='bbox 417 307 557 353; x_wconf 82' lang='lat' dir='ltr'>exegerit</span> <span class='ocrx_word' id='word_1_15' title='bbox 598 306 736 340; x_wconf 88' lang='lat' dir='ltr'>introire.</span> <span class='ocrx_word' id='word_1_16' title='bbox 775 305 859 341; x_wconf 78' lang='lat' dir='ltr'>Nulli</span> <span class='ocrx_word' id='word_1_17' title='bbox 894 314 996 340; x_wconf 90' lang='lat' dir='ltr'>tamen</span> 
     </span>
     <span class='ocr_line' id='line_1_7' title="bbox 250 354 999 402; baseline -0.003 -12"><span class='ocrx_word' id='word_1_18' title='bbox 250 365 583 402; x_wconf 69' lang='lat' dir='ltr'>extraneae-personae</span> <span class='ocrx_word' id='word_1_19' title='bbox 605 355 683 390; x_wconf 91' lang='lat' dir='ltr'>intra</span> <span class='ocrx_word' id='word_1_20' title='bbox 711 354 891 389; x_wconf 84' lang='lat' dir='ltr'>monasterii</span> <span class='ocrx_word' id='word_1_21' title='bbox 916 355 999 389; x_wconf 86' lang='lat' dir='ltr'>clau—</span> 
     </span>
     <span class='ocr_line' id='line_1_8' title="bbox 250 403 996 444; baseline -0.004 -4"><span class='ocrx_word' id='word_1_22' title='bbox 250 413 348 440; x_wconf 86' lang='lat' dir='ltr'>strum</span> <span class='ocrx_word' id='word_1_23' title='bbox 375 404 466 440; x_wconf 92' lang='lat' dir='ltr'>liceat</span> <span class='ocrx_word' id='word_1_24' title='bbox 492 403 660 439; x_wconf 75' lang='lat' dir='ltr'>comedere</span> <span class='ocrx_word' id='word_1_25' title='bbox 691 403 738 438; x_wconf 82' lang='lat' dir='ltr'>vel</span> <span class='ocrx_word' id='word_1_26' title='bbox 759 404 916 444; x_wconf 79' lang='lat' dir='ltr'>dormire;</span> <span class='ocrx_word' id='word_1_27' title='bbox 943 403 996 437; x_wconf 79' lang='lat' dir='ltr'>sed</span> 
     </span>
     <span class='ocr_line' id='line_1_9' title="bbox 250 452 999 500; baseline -0.003 -12"><span class='ocrx_word' id='word_1_28' title='bbox 250 462 280 489; x_wconf 91' lang='lat' dir='ltr'>et</span> <span class='ocrx_word' id='word_1_29' title='bbox 300 454 326 489; x_wconf 92' lang='lat' dir='ltr'>si</span> <span class='ocrx_word' id='word_1_30' title='bbox 349 453 420 500; x_wconf 91' lang='lat' dir='ltr'>quis</span> <span class='ocrx_word' id='word_1_31' title='bbox 435 453 474 488; x_wconf 89' lang='lat' dir='ltr'>de</span> <span class='ocrx_word' id='word_1_32' title='bbox 486 452 700 488; x_wconf 75' lang='lat' dir='ltr'>cardinalibus</span> <span class='ocrx_word' id='word_1_33' title='bbox 719 452 756 487; x_wconf 88' lang='lat' dir='ltr'>ad</span> <span class='ocrx_word' id='word_1_34' title='bbox 779 452 906 499; x_wconf 83' lang='lat' dir='ltr'>aliquod</span> <span class='ocrx_word' id='word_1_35' title='bbox 935 464 999 486; x_wconf 91' lang='lat' dir='ltr'>mo-</span> 
     </span>
     <span class='ocr_line' id='line_1_10' title="bbox 249 501 996 547; baseline -0.003 -10"><span class='ocrx_word' id='word_1_36' title='bbox 249 503 421 538; x_wconf 86' lang='lat' dir='ltr'>nasterium</span> <span class='ocrx_word' id='word_1_37' title='bbox 449 502 546 537; x_wconf 90' lang='lat' dir='ltr'>huius</span> <span class='ocrx_word' id='word_1_38' title='bbox 573 501 733 547; x_wconf 79' lang='lat' dir='ltr'>religionis</span> <span class='ocrx_word' id='word_1_39' title='bbox 755 503 886 545; x_wconf 81' lang='lat' dir='ltr'>venerit,</span> <span class='ocrx_word' id='word_1_40' title='bbox 909 510 938 536; x_wconf 90' lang='lat' dir='ltr'>et</span> <span class='ocrx_word' id='word_1_41' title='bbox 966 501 996 535; x_wconf 95' lang='lat' dir='ltr'>in</span> 
     </span>
     <span class='ocr_line' id='line_1_11' title="bbox 250 550 997 597; baseline -0.001 -11"><span class='ocrx_word' id='word_1_42' title='bbox 250 551 326 586; x_wconf 91' lang='lat' dir='ltr'>illud</span> <span class='ocrx_word' id='word_1_43' title='bbox 364 551 497 586; x_wconf 82' lang='lat' dir='ltr'>voluerit</span> <span class='ocrx_word' id='word_1_44' title='bbox 542 550 680 597; x_wconf 76' lang='lat' dir='ltr'>ingredi,</span> <span class='ocrx_word' id='word_1_45' title='bbox 713 562 785 584; x_wconf 92' lang='lat' dir='ltr'>cum</span> <span class='ocrx_word' id='word_1_46' title='bbox 825 550 997 586; x_wconf 82' lang='lat' dir='ltr'>reverentia</span> 
     </span>
     <span class='ocr_line' id='line_1_12' title="bbox 250 599 996 648; baseline -0.005 -12"><span class='ocrx_word' id='word_1_47' title='bbox 250 600 392 648; x_wconf 87' lang='lat' dir='ltr'>quidem,</span> <span class='ocrx_word' id='word_1_48' title='bbox 413 609 443 636; x_wconf 90' lang='lat' dir='ltr'>et</span> <span class='ocrx_word' id='word_1_49' title='bbox 465 600 635 634; x_wconf 82' lang='lat' dir='ltr'>devotione</span> <span class='ocrx_word' id='word_1_50' title='bbox 652 599 854 646; x_wconf 79' lang='lat' dir='ltr'>suscipiatur,</span> <span class='ocrx_word' id='word_1_51' title='bbox 877 607 907 633; x_wconf 90' lang='lat' dir='ltr'>ut</span> <span class='ocrx_word' id='word_1_52' title='bbox 925 611 996 633; x_wconf 76' lang='lat' dir='ltr'>cum</span> 
     </span>
     <span class='ocr_line' id='line_1_13' title="bbox 251 648 999 694; baseline -0.004 -10"><span class='ocrx_word' id='word_1_53' title='bbox 251 661 314 684; x_wconf 89' lang='lat' dir='ltr'>uno</span> <span class='ocrx_word' id='word_1_54' title='bbox 348 649 393 684; x_wconf 91' lang='lat' dir='ltr'>vel</span> <span class='ocrx_word' id='word_1_55' title='bbox 427 649 552 684; x_wconf 92' lang='lat' dir='ltr'>duobus</span> <span class='ocrx_word' id='word_1_56' title='bbox 586 648 624 683; x_wconf 90' lang='lat' dir='ltr'>de</span> <span class='ocrx_word' id='word_1_57' title='bbox 659 648 893 682; x_wconf 74' lang='lat' dir='ltr'>honestioribus</span> <span class='ocrx_word' id='word_1_58' title='bbox 919 648 999 694; x_wconf 90' lang='lat' dir='ltr'>qui—</span> 
     </span>
     <span class='ocr_line' id='line_1_14' title="bbox 251 696 996 737; baseline -0.004 -5"><span class='ocrx_word' id='word_1_59' title='bbox 251 698 322 734; x_wconf 90' lang='lat' dir='ltr'>dem</span> <span class='ocrx_word' id='word_1_60' title='bbox 357 698 452 733; x_wconf 89' lang='lat' dir='ltr'>sociis</span> <span class='ocrx_word' id='word_1_61' title='bbox 483 697 597 732; x_wconf 77' lang='lat' dir='ltr'>debeat</span> <span class='ocrx_word' id='word_1_62' title='bbox 616 697 771 737; x_wconf 26' lang='lat' dir='ltr'>,introirffi</span> <span class='ocrx_word' id='word_1_63' title='bbox 799 696 924 731; x_wconf 89' lang='lat' dir='ltr'>duobus</span> <span class='ocrx_word' id='word_1_64' title='bbox 951 696 996 730; x_wconf 88' lang='lat' dir='ltr'>vel</span> 
     </span>
     <span class='ocr_line' id='line_1_15' title="bbox 251 745 1000 792; baseline -0.004 -10"><span class='ocrx_word' id='word_1_65' title='bbox 251 747 352 782; x_wconf 86' lang='lat' dir='ltr'>tribus</span> <span class='ocrx_word' id='word_1_66' title='bbox 371 755 492 782; x_wconf 87' lang='lat' dir='ltr'>tantum</span> <span class='ocrx_word' id='word_1_67' title='bbox 516 745 674 792; x_wconf 77' lang='lat' dir='ltr'>religiosis</span> <span class='ocrx_word' id='word_1_68' title='bbox 695 753 723 780; x_wconf 89' lang='lat' dir='ltr'>et</span> <span class='ocrx_word' id='word_1_69' title='bbox 747 745 887 780; x_wconf 74' lang='lat' dir='ltr'>honestis</span> <span class='ocrx_word' id='word_1_70' title='bbox 906 746 1000 780; x_wconf 86' lang='lat' dir='ltr'>sociis</span> 
     </span>
     <span class='ocr_line' id='line_1_16' title="bbox 251 795 998 840; baseline -0.005 -8"><span class='ocrx_word' id='word_1_71' title='bbox 251 797 294 832; x_wconf 83' lang='lat' dir='ltr'>sit</span> <span class='ocrx_word' id='word_1_72' title='bbox 325 804 502 832; x_wconf 86' lang='lat' dir='ltr'>contentus.</span> <span class='ocrx_word' id='word_1_73' title='bbox 535 795 627 837; x_wconf 87' lang='lat' dir='ltr'>Quod</span> <span class='ocrx_word' id='word_1_74' title='bbox 655 795 680 829; x_wconf 90' lang='lat' dir='ltr'>si</span> <span class='ocrx_word' id='word_1_75' title='bbox 714 795 792 830; x_wconf 77' lang='lat' dir='ltr'>forte</span> <span class='ocrx_word' id='word_1_76' title='bbox 820 807 875 840; x_wconf 82' lang='lat' dir='ltr'>pro</span> <span class='ocrx_word' id='word_1_77' title='bbox 903 795 998 829; x_wconf 87' lang='lat' dir='ltr'>bene-</span> 
     </span>
     <span class='ocr_line' id='line_1_17' title="bbox 248 844 999 887; baseline -0.004 -6"><span class='ocrx_word' id='word_1_78' title='bbox 248 845 387 881; x_wconf 85' lang='lat' dir='ltr'>dictione</span> <span class='ocrx_word' id='word_1_79' title='bbox 403 845 448 880; x_wconf 93' lang='lat' dir='ltr'>vel</span> <span class='ocrx_word' id='word_1_80' title='bbox 462 845 699 880; x_wconf 89' lang='lat' dir='ltr'>consecratione</span> <span class='ocrx_word' id='word_1_81' title='bbox 713 856 868 887; x_wconf 85' lang='lat' dir='ltr'>sororum,</span> <span class='ocrx_word' id='word_1_82' title='bbox 879 844 924 878; x_wconf 77' lang='lat' dir='ltr'>vel</span> <span class='ocrx_word' id='word_1_83' title='bbox 939 844 999 878; x_wconf 82' lang='lat' dir='ltr'>alio</span> 
     </span>
     <span class='ocr_line' id='line_1_18' title="bbox 250 893 999 940; baseline -0.005 -10"><span class='ocrx_word' id='word_1_84' title='bbox 250 895 344 931; x_wconf 85' lang='lat' dir='ltr'>etiam</span> <span class='ocrx_word' id='word_1_85' title='bbox 361 895 453 930; x_wconf 93' lang='lat' dir='ltr'>modo</span> <span class='ocrx_word' id='word_1_86' title='bbox 465 905 651 929; x_wconf 88' lang='lat' dir='ltr'>concessum</span> <span class='ocrx_word' id='word_1_87' title='bbox 663 893 753 928; x_wconf 89' lang='lat' dir='ltr'>alicui</span> <span class='ocrx_word' id='word_1_88' title='bbox 766 894 914 940; x_wconf 72' lang='lat' dir='ltr'>episcopo</span> <span class='ocrx_word' id='word_1_89' title='bbox 930 893 999 927; x_wconf 81' lang='lat' dir='ltr'>sue-</span> 
     </span>
     <span class='ocr_line' id='line_1_19' title="bbox 251 940 1000 989; baseline -0.005 -10"><span class='ocrx_word' id='word_1_90' title='bbox 251 944 290 979; x_wconf 88' lang='lat' dir='ltr'>rit</span> <span class='ocrx_word' id='word_1_91' title='bbox 314 943 441 979; x_wconf 84' lang='lat' dir='ltr'>Missam</span> <span class='ocrx_word' id='word_1_92' title='bbox 471 943 603 977; x_wconf 89' lang='lat' dir='ltr'>interius</span> <span class='ocrx_word' id='word_1_93' title='bbox 636 942 804 989; x_wconf 86' lang='lat' dir='ltr'>aliquando</span> <span class='ocrx_word' id='word_1_94' title='bbox 831 940 1000 986; x_wconf 77' lang='lat' dir='ltr'>celebrare,</span> 
     </span>
     <span class='ocr_line' id='line_1_20' title="bbox 251 991 1000 1040; baseline -0.004 -12"><span class='ocrx_word' id='word_1_95' title='bbox 251 1005 344 1040; x_wconf 88' lang='lat' dir='ltr'>quam</span> <span class='ocrx_word' id='word_1_96' title='bbox 378 992 582 1040; x_wconf 80' lang='lat' dir='ltr'>paucioribus</span> <span class='ocrx_word' id='word_1_97' title='bbox 612 1000 641 1026; x_wconf 89' lang='lat' dir='ltr'>et</span> <span class='ocrx_word' id='word_1_98' title='bbox 676 991 910 1026; x_wconf 85' lang='lat' dir='ltr'>honestioribus</span> <span class='ocrx_word' id='word_1_99' title='bbox 937 1002 1000 1037; x_wconf 89' lang='lat' dir='ltr'>po-</span> 
     </span>
     <span class='ocr_line' id='line_1_21' title="bbox 251 1040 999 1086; baseline -0.005 -9"><span class='ocrx_word' id='word_1_100' title='bbox 251 1042 356 1083; x_wconf 86' lang='lat' dir='ltr'>tuerit,</span> <span class='ocrx_word' id='word_1_101' title='bbox 369 1048 536 1076; x_wconf 88' lang='lat' dir='ltr'>contentus</span> <span class='ocrx_word' id='word_1_102' title='bbox 551 1041 589 1075; x_wconf 89' lang='lat' dir='ltr'>sit</span> <span class='ocrx_word' id='word_1_103' title='bbox 603 1041 766 1079; x_wconf 79' lang='lat' dir='ltr'>ministris,</span> <span class='ocrx_word' id='word_1_104' title='bbox 781 1048 810 1075; x_wconf 81' lang='lat' dir='ltr'>et.</span> <span class='ocrx_word' id='word_1_105' title='bbox 824 1040 881 1075; x_wconf 87' lang='lat' dir='ltr'>boc</span> <span class='ocrx_word' id='word_1_106' title='bbox 897 1040 999 1086; x_wconf 83' lang='lat' dir='ltr'>ipsum</span> 
     </span>
     <span class='ocr_line' id='line_1_22' title="bbox 251 1089 1000 1126; baseline -0.005 0"><span class='ocrx_word' id='word_1_107' title='bbox 251 1091 353 1126; x_wconf 87' lang='lat' dir='ltr'>rarius</span> <span class='ocrx_word' id='word_1_108' title='bbox 368 1091 458 1126; x_wconf 89' lang='lat' dir='ltr'>alicui</span> <span class='ocrx_word' id='word_1_109' title='bbox 481 1091 682 1125; x_wconf 86' lang='lat' dir='ltr'>concedatur.</span> <span class='ocrx_word' id='word_1_110' title='bbox 703 1089 792 1123; x_wconf 70' lang='lat' dir='ltr'>Nulla</span> <span class='ocrx_word' id='word_1_111' title='bbox 817 1097 919 1122; x_wconf 83' lang='lat' dir='ltr'>tamen</span> <span class='ocrx_word' id='word_1_112' title='bbox 936 1100 1000 1123; x_wconf 91' lang='lat' dir='ltr'>om·</span> 
     </span>
     <span class='ocr_line' id='line_1_23' title="bbox 251 1137 1000 1187; baseline -0.003 -13"><span class='ocrx_word' id='word_1_113' title='bbox 251 1140 327 1175; x_wconf 89' lang='lat' dir='ltr'>nino</span> <span class='ocrx_word' id='word_1_114' title='bbox 352 1139 498 1187; x_wconf 90' lang='lat' dir='ltr'>loquatur</span> <span class='ocrx_word' id='word_1_115' title='bbox 525 1151 598 1174; x_wconf 91' lang='lat' dir='ltr'>cum</span> <span class='ocrx_word' id='word_1_116' title='bbox 629 1139 746 1185; x_wconf 85' lang='lat' dir='ltr'>aliquo,</span> <span class='ocrx_word' id='word_1_117' title='bbox 776 1138 835 1172; x_wconf 90' lang='lat' dir='ltr'>nisi</span> <span class='ocrx_word' id='word_1_118' title='bbox 864 1137 1000 1184; x_wconf 78' lang='lat' dir='ltr'>praefato</span> 
     </span>
     <span class='ocr_line' id='line_1_24' title="bbox 253 1186 999 1226; baseline -0.007 -2"><span class='ocrx_word' id='word_1_119' title='bbox 253 1188 347 1224; x_wconf 87' lang='lat' dir='ltr'>modo</span> <span class='ocrx_word' id='word_1_120' title='bbox 367 1189 433 1223; x_wconf 90' lang='lat' dir='ltr'>sive</span> <span class='ocrx_word' id='word_1_121' title='bbox 455 1187 578 1222; x_wconf 86' lang='lat' dir='ltr'>infirma</span> <span class='ocrx_word' id='word_1_122' title='bbox 605 1187 707 1226; x_wconf 74' lang='lat' dir='ltr'>suerit,</span> <span class='ocrx_word' id='word_1_123' title='bbox 731 1187 796 1222; x_wconf 84' lang='lat' dir='ltr'>sive</span> <span class='ocrx_word' id='word_1_124' title='bbox 815 1198 899 1221; x_wconf 77' lang='lat' dir='ltr'>sana:</span> <span class='ocrx_word' id='word_1_125' title='bbox 925 1186 999 1220; x_wconf 87' lang='lat' dir='ltr'>illud</span> 
     </span>
     <span class='ocr_line' id='line_1_25' title="bbox 252 1235 1001 1284; baseline -0.005 -11"><span class='ocrx_word' id='word_1_126' title='bbox 252 1249 328 1273; x_wconf 90' lang='lat' dir='ltr'>sane</span> <span class='ocrx_word' id='word_1_127' title='bbox 355 1238 526 1284; x_wconf 83' lang='lat' dir='ltr'>praecipue</span> <span class='ocrx_word' id='word_1_128' title='bbox 558 1245 721 1279; x_wconf 80' lang='lat' dir='ltr'>careatur,</span> <span class='ocrx_word' id='word_1_129' title='bbox 750 1244 781 1269; x_wconf 89' lang='lat' dir='ltr'>ut</span> <span class='ocrx_word' id='word_1_130' title='bbox 813 1236 851 1274; x_wconf 86' lang='lat' dir='ltr'>ii,</span> <span class='ocrx_word' id='word_1_131' title='bbox 886 1235 1001 1281; x_wconf 85' lang='lat' dir='ltr'>quibus</span> 
     </span>
     <span class='ocr_line' id='line_1_26' title="bbox 252 1285 1001 1333; baseline -0.005 -12"><span class='ocrx_word' id='word_1_132' title='bbox 252 1286 420 1333; x_wconf 88' lang='lat' dir='ltr'>aliquando</span> <span class='ocrx_word' id='word_1_133' title='bbox 445 1286 539 1321; x_wconf 87' lang='lat' dir='ltr'>fuerit</span> <span class='ocrx_word' id='word_1_134' title='bbox 565 1285 801 1321; x_wconf 88' lang='lat' dir='ltr'>concedendum</span> <span class='ocrx_word' id='word_1_135' title='bbox 833 1285 862 1318; x_wconf 91' lang='lat' dir='ltr'>in</span> <span class='ocrx_word' id='word_1_136' title='bbox 893 1296 1001 1317; x_wconf 88' lang='lat' dir='ltr'>mona-</span> 
     </span>
     <span class='ocr_line' id='line_1_27' title="bbox 253 1333 1000 1381; baseline -0.005 -11"><span class='ocrx_word' id='word_1_137' title='bbox 253 1336 383 1370; x_wconf 85' lang='lat' dir='ltr'>sterium</span> <span class='ocrx_word' id='word_1_138' title='bbox 411 1334 549 1381; x_wconf 82' lang='lat' dir='ltr'>ingredi,</span> <span class='ocrx_word' id='word_1_139' title='bbox 578 1335 654 1368; x_wconf 89' lang='lat' dir='ltr'>tales</span> <span class='ocrx_word' id='word_1_140' title='bbox 686 1334 760 1377; x_wconf 87' lang='lat' dir='ltr'>sint,</span> <span class='ocrx_word' id='word_1_141' title='bbox 793 1333 832 1367; x_wconf 89' lang='lat' dir='ltr'>de</span> <span class='ocrx_word' id='word_1_142' title='bbox 865 1345 1000 1379; x_wconf 90' lang='lat' dir='ltr'>quorum</span> 
     </span>
     <span class='ocr_line' id='line_1_28' title="bbox 255 1381 1000 1421; baseline -0.004 -3"><span class='ocrx_word' id='word_1_143' title='bbox 255 1384 358 1420; x_wconf 85' lang='lat' dir='ltr'>verbis</span> <span class='ocrx_word' id='word_1_144' title='bbox 378 1392 409 1419; x_wconf 88' lang='lat' dir='ltr'>et</span> <span class='ocrx_word' id='word_1_145' title='bbox 435 1383 586 1421; x_wconf 85' lang='lat' dir='ltr'>moribus,</span> <span class='ocrx_word' id='word_1_146' title='bbox 613 1395 734 1418; x_wconf 84' lang='lat' dir='ltr'>necnon</span> <span class='ocrx_word' id='word_1_147' title='bbox 758 1383 815 1416; x_wconf 78' lang='lat' dir='ltr'>vita</span> <span class='ocrx_word' id='word_1_148' title='bbox 843 1390 873 1415; x_wconf 85' lang='lat' dir='ltr'>et</span> <span class='ocrx_word' id='word_1_149' title='bbox 896 1381 1000 1415; x_wconf 85' lang='lat' dir='ltr'>habitu</span> 
     </span>
     <span class='ocr_line' id='line_1_29' title="bbox 254 1431 1001 1472; baseline -0.008 -3"><span class='ocrx_word' id='word_1_150' title='bbox 254 1433 411 1470; x_wconf 82' lang='lat' dir='ltr'>aedificari</span> <span class='ocrx_word' id='word_1_151' title='bbox 428 1433 726 1472; x_wconf 77' lang='lat' dir='ltr'>valeantintuenies,</span> <span class='ocrx_word' id='word_1_152' title='bbox 743 1439 772 1465; x_wconf 80' lang='lat' dir='ltr'>et</span> <span class='ocrx_word' id='word_1_153' title='bbox 787 1431 914 1465; x_wconf 84' lang='lat' dir='ltr'>materia</span> <span class='ocrx_word' id='word_1_154' title='bbox 930 1431 1001 1464; x_wconf 89' lang='lat' dir='ltr'>iusti</span> 
     </span>
     <span class='ocr_line' id='line_1_30' title="bbox 254 1478 1002 1528; baseline -0.005 -11"><span class='ocrx_word' id='word_1_155' title='bbox 254 1481 392 1518; x_wconf 86' lang='lat' dir='ltr'>scandali</span> <span class='ocrx_word' id='word_1_156' title='bbox 428 1481 542 1516; x_wconf 78' lang='lat' dir='ltr'>exinde</span> <span class='ocrx_word' id='word_1_157' title='bbox 581 1488 716 1528; x_wconf 85' lang='lat' dir='ltr'>nequeat</span> <span class='ocrx_word' id='word_1_158' title='bbox 748 1479 902 1525; x_wconf 78' lang='lat' dir='ltr'>generari.</span> <span class='ocrx_word' id='word_1_159' title='bbox 939 1478 1002 1513; x_wconf 84' lang='lat' dir='ltr'>Ubi</span> 
     </span>
     <span class='ocr_line' id='line_1_31' title="bbox 257 1528 1000 1578; baseline -0.004 -13"><span class='ocrx_word' id='word_1_160' title='bbox 257 1543 329 1567; x_wconf 86' lang='lat' dir='ltr'>vero</span> <span class='ocrx_word' id='word_1_161' title='bbox 359 1531 506 1578; x_wconf 87' lang='lat' dir='ltr'>proprius</span> <span class='ocrx_word' id='word_1_162' title='bbox 533 1530 624 1565; x_wconf 76' lang='lat' dir='ltr'>fuerit</span> <span class='ocrx_word' id='word_1_163' title='bbox 652 1529 868 1576; x_wconf 76' lang='lat' dir='ltr'>cappellanus,</span> <span class='ocrx_word' id='word_1_164' title='bbox 893 1528 1000 1562; x_wconf 87' lang='lat' dir='ltr'>babitu</span> 
     </span>
     <span class='ocr_line' id='line_1_32' title="bbox 255 1577 1001 1626; baseline -0.005 -11"><span class='ocrx_word' id='word_1_165' title='bbox 255 1589 286 1616; x_wconf 89' lang='lat' dir='ltr'>et</span> <span class='ocrx_word' id='word_1_166' title='bbox 311 1580 373 1615; x_wconf 83' lang='lat' dir='ltr'>vita</span> <span class='ocrx_word' id='word_1_167' title='bbox 407 1580 574 1626; x_wconf 79' lang='lat' dir='ltr'>religiosus</span> <span class='ocrx_word' id='word_1_168' title='bbox 609 1580 665 1619; x_wconf 82' lang='lat' dir='ltr'>sit,</span> <span class='ocrx_word' id='word_1_169' title='bbox 692 1591 727 1613; x_wconf 87' lang='lat' dir='ltr'>ac</span> <span class='ocrx_word' id='word_1_170' title='bbox 754 1578 853 1612; x_wconf 88' lang='lat' dir='ltr'>bonae</span> <span class='ocrx_word' id='word_1_171' title='bbox 881 1577 1001 1615; x_wconf 79' lang='lat' dir='ltr'>famae,</span> 
     </span>
     <span class='ocr_line' id='line_1_33' title="bbox 256 1627 1003 1671; baseline -0.007 -6"><span class='ocrx_word' id='word_1_172' title='bbox 256 1641 314 1665; x_wconf 84' lang='lat' dir='ltr'>nec</span> <span class='ocrx_word' id='word_1_173' title='bbox 334 1628 469 1664; x_wconf 87' lang='lat' dir='ltr'>multum</span> <span class='ocrx_word' id='word_1_174' title='bbox 498 1629 632 1671; x_wconf 82' lang='lat' dir='ltr'>iuvenis,</span> <span class='ocrx_word' id='word_1_175' title='bbox 660 1639 782 1663; x_wconf 85' lang='lat' dir='ltr'>necnon</span> <span class='ocrx_word' id='word_1_176' title='bbox 810 1627 942 1661; x_wconf 81' lang='lat' dir='ltr'>idoneae</span> <span class='ocrx_word' id='word_1_177' title='bbox 963 1627 1003 1661; x_wconf 88' lang='lat' dir='ltr'>sit</span> 
     </span>
     <span class='ocr_line' id='line_1_34' title="bbox 254 1676 1003 1725; baseline -0.007 -11"><span class='ocrx_word' id='word_1_178' title='bbox 254 1678 375 1714; x_wconf 88' lang='lat' dir='ltr'>aetatis.</span> <span class='ocrx_word' id='word_1_179' title='bbox 401 1678 463 1720; x_wconf 85' lang='lat' dir='ltr'>Qui</span> <span class='ocrx_word' id='word_1_180' title='bbox 491 1677 793 1725; x_wconf 76' lang='lat' dir='ltr'>cappellanus,cum</span> <span class='ocrx_word' id='word_1_181' title='bbox 821 1676 922 1722; x_wconf 87' lang='lat' dir='ltr'>aliqua</span> <span class='ocrx_word' id='word_1_182' title='bbox 950 1687 1003 1710; x_wconf 91' lang='lat' dir='ltr'>so-</span> 
     </span>
     <span class='ocr_line' id='line_1_35' title="bbox 256 1726 1003 1774; baseline -0.007 -11"><span class='ocrx_word' id='word_1_183' title='bbox 256 1727 468 1774; x_wconf 83' lang='lat' dir='ltr'>rorum,grari</span> <span class='ocrx_word' id='word_1_184' title='bbox 495 1727 636 1773; x_wconf 84' lang='lat' dir='ltr'>corporis</span> <span class='ocrx_word' id='word_1_185' title='bbox 658 1726 839 1761; x_wconf 82' lang='lat' dir='ltr'>infirmitate</span> <span class='ocrx_word' id='word_1_186' title='bbox 867 1726 1003 1763; x_wconf 82' lang='lat' dir='ltr'>detenta,</span> 
     </span>
     <span class='ocr_line' id='line_1_36' title="bbox 257 1775 1004 1815; baseline -0.004 -5"><span class='ocrx_word' id='word_1_187' title='bbox 257 1777 321 1812; x_wconf 88' lang='lat' dir='ltr'>visa</span> <span class='ocrx_word' id='word_1_188' title='bbox 354 1776 450 1811; x_wconf 86' lang='lat' dir='ltr'>fuerit</span> <span class='ocrx_word' id='word_1_189' title='bbox 475 1776 606 1811; x_wconf 86' lang='lat' dir='ltr'>tendere</span> <span class='ocrx_word' id='word_1_190' title='bbox 632 1775 669 1810; x_wconf 91' lang='lat' dir='ltr'>ad</span> <span class='ocrx_word' id='word_1_191' title='bbox 697 1783 848 1815; x_wconf 82' lang='lat' dir='ltr'>extrema,</span> <span class='ocrx_word' id='word_1_192' title='bbox 882 1782 912 1808; x_wconf 92' lang='lat' dir='ltr'>et</span> <span class='ocrx_word' id='word_1_193' title='bbox 948 1785 1004 1808; x_wconf 89' lang='lat' dir='ltr'>ne-</span> 
     </span>
     <span class='ocr_line' id='line_1_37' title="bbox 256 1822 1006 1871; baseline -0.005 -10"><span class='ocrx_word' id='word_1_194' title='bbox 256 1837 344 1861; x_wconf 86' lang='lat' dir='ltr'>cesse</span> <span class='ocrx_word' id='word_1_195' title='bbox 367 1825 510 1871; x_wconf 87' lang='lat' dir='ltr'>babuerit</span> <span class='ocrx_word' id='word_1_196' title='bbox 530 1824 685 1864; x_wconf 83' lang='lat' dir='ltr'>confiteri,</span> <span class='ocrx_word' id='word_1_197' title='bbox 710 1823 757 1858; x_wconf 78' lang='lat' dir='ltr'>vel</span> <span class='ocrx_word' id='word_1_198' title='bbox 780 1823 906 1858; x_wconf 89' lang='lat' dir='ltr'>Domini</span> <span class='ocrx_word' id='word_1_199' title='bbox 929 1822 1006 1857; x_wconf 90' lang='lat' dir='ltr'>Cor-</span> 
     </span>
     <span class='ocr_line' id='line_1_38' title="bbox 259 1872 1005 1922; baseline -0.005 -12"><span class='ocrx_word' id='word_1_200' title='bbox 259 1875 344 1922; x_wconf 87' lang='lat' dir='ltr'>poris</span> <span class='ocrx_word' id='word_1_201' title='bbox 363 1874 505 1922; x_wconf 87' lang='lat' dir='ltr'>accipere</span> <span class='ocrx_word' id='word_1_202' title='bbox 534 1881 745 1916; x_wconf 85' lang='lat' dir='ltr'>sacramenta,</span> <span class='ocrx_word' id='word_1_203' title='bbox 772 1873 841 1907; x_wconf 92' lang='lat' dir='ltr'>alba</span> <span class='ocrx_word' id='word_1_204' title='bbox 869 1872 947 1907; x_wconf 92' lang='lat' dir='ltr'>stola</span> <span class='ocrx_word' id='word_1_205' title='bbox 975 1880 1005 1906; x_wconf 87' lang='lat' dir='ltr'>ct</span> 
     </span>
     <span class='ocr_line' id='line_1_39' title="bbox 259 1921 1004 1971; baseline -0.005 -12"><span class='ocrx_word' id='word_1_206' title='bbox 259 1923 421 1971; x_wconf 87' lang='lat' dir='ltr'>manipulo</span> <span class='ocrx_word' id='word_1_207' title='bbox 456 1923 650 1970; x_wconf 81' lang='lat' dir='ltr'>ingrediatur</span> <span class='ocrx_word' id='word_1_208' title='bbox 682 1922 823 1963; x_wconf 87' lang='lat' dir='ltr'>indutus,</span> <span class='ocrx_word' id='word_1_209' title='bbox 850 1930 879 1956; x_wconf 87' lang='lat' dir='ltr'>et</span> <span class='ocrx_word' id='word_1_210' title='bbox 901 1921 1004 1956; x_wconf 85' lang='lat' dir='ltr'>audita</span> 
     </span>
     <span class='ocr_line' id='line_1_40' title="bbox 258 1970 1005 2018; baseline -0.005 -10"><span class='ocrx_word' id='word_1_211' title='bbox 258 1973 467 2012; x_wconf 77' lang='lat' dir='ltr'>confessione,</span> <span class='ocrx_word' id='word_1_212' title='bbox 487 1971 704 2006; x_wconf 80' lang='lat' dir='ltr'>velDominici</span> <span class='ocrx_word' id='word_1_213' title='bbox 721 1970 872 2018; x_wconf 89' lang='lat' dir='ltr'>Corporis</span> <span class='ocrx_word' id='word_1_214' title='bbox 891 1971 1005 2005; x_wconf 85' lang='lat' dir='ltr'>tradito</span> 
     </span>
     <span class='ocr_line' id='line_1_41' title="bbox 258 2020 1005 2067; baseline -0.005 -10"><span class='ocrx_word' id='word_1_215' title='bbox 258 2028 464 2065; x_wconf 80' lang='lat' dir='ltr'>sacramento,</span> <span class='ocrx_word' id='word_1_216' title='bbox 479 2021 522 2056; x_wconf 90' lang='lat' dir='ltr'>sic</span> <span class='ocrx_word' id='word_1_217' title='bbox 546 2021 686 2063; x_wconf 88' lang='lat' dir='ltr'>indutus,</span> <span class='ocrx_word' id='word_1_218' title='bbox 709 2029 741 2055; x_wconf 93' lang='lat' dir='ltr'>ut</span> <span class='ocrx_word' id='word_1_219' title='bbox 764 2020 926 2067; x_wconf 76' lang='lat' dir='ltr'>ingressus</span> <span class='ocrx_word' id='word_1_220' title='bbox 947 2028 1005 2061; x_wconf 89' lang='lat' dir='ltr'>est,</span> 
     </span>
     <span class='ocr_line' id='line_1_42' title="bbox 259 2069 1004 2116; baseline -0.004 -10"><span class='ocrx_word' id='word_1_221' title='bbox 259 2078 357 2111; x_wconf 79' lang='lat' dir='ltr'>exeat,</span> <span class='ocrx_word' id='word_1_222' title='bbox 392 2083 450 2105; x_wconf 88' lang='lat' dir='ltr'>nec</span> <span class='ocrx_word' id='word_1_223' title='bbox 476 2082 595 2105; x_wconf 88' lang='lat' dir='ltr'>moram</span> <span class='ocrx_word' id='word_1_224' title='bbox 630 2069 669 2103; x_wconf 90' lang='lat' dir='ltr'>ibi</span> <span class='ocrx_word' id='word_1_225' title='bbox 705 2069 792 2104; x_wconf 82' lang='lat' dir='ltr'>saciat</span> <span class='ocrx_word' id='word_1_226' title='bbox 821 2069 1004 2116; x_wconf 84' lang='lat' dir='ltr'>longiorem.</span> 
     </span>
     <span class='ocr_line' id='line_1_43' title="bbox 260 2118 1006 2165; baseline -0.004 -10"><span class='ocrx_word' id='word_1_227' title='bbox 260 2119 397 2156; x_wconf 89' lang='lat' dir='ltr'>Caveant</span> <span class='ocrx_word' id='word_1_228' title='bbox 424 2121 529 2163; x_wconf 87' lang='lat' dir='ltr'>etiam,</span> <span class='ocrx_word' id='word_1_229' title='bbox 553 2128 585 2154; x_wconf 92' lang='lat' dir='ltr'>ut</span> <span class='ocrx_word' id='word_1_230' title='bbox 611 2118 762 2165; x_wconf 89' lang='lat' dir='ltr'>quamdiu</span> <span class='ocrx_word' id='word_1_231' title='bbox 790 2118 868 2152; x_wconf 88' lang='lat' dir='ltr'>intra</span> <span class='ocrx_word' id='word_1_232' title='bbox 897 2130 1006 2153; x_wconf 89' lang='lat' dir='ltr'>mona-</span> 
     </span>
     <span class='ocr_line' id='line_1_44' title="bbox 259 2167 1005 2209; baseline -0.004 -4"><span class='ocrx_word' id='word_1_233' title='bbox 259 2170 389 2205; x_wconf 82' lang='lat' dir='ltr'>sterium</span> <span class='ocrx_word' id='word_1_234' title='bbox 426 2169 556 2209; x_wconf 78' lang='lat' dir='ltr'>fuerint,</span> <span class='ocrx_word' id='word_1_235' title='bbox 585 2168 765 2202; x_wconf 89' lang='lat' dir='ltr'>nullatenus</span> <span class='ocrx_word' id='word_1_236' title='bbox 799 2167 837 2202; x_wconf 92' lang='lat' dir='ltr'>ab</span> <span class='ocrx_word' id='word_1_237' title='bbox 872 2168 1005 2202; x_wconf 82' lang='lat' dir='ltr'>invicem</span> 
     </span>
     <span class='ocr_line' id='line_1_45' title="bbox 260 2217 1008 2266; baseline -0.005 -12"><span class='ocrx_word' id='word_1_238' title='bbox 260 2227 457 2266; x_wconf 73' lang='lat' dir='ltr'>separentur,</span> <span class='ocrx_word' id='word_1_239' title='bbox 483 2218 558 2265; x_wconf 92' lang='lat' dir='ltr'>quin</span> <span class='ocrx_word' id='word_1_240' title='bbox 593 2228 718 2264; x_wconf 86' lang='lat' dir='ltr'>semper</span> <span class='ocrx_word' id='word_1_241' title='bbox 752 2225 861 2251; x_wconf 91' lang='lat' dir='ltr'>mutuo</span> <span class='ocrx_word' id='word_1_242' title='bbox 889 2217 1008 2263; x_wconf 80' lang='lat' dir='ltr'>possint</span> 
     </span>
     <span class='ocr_line' id='line_1_46' title="bbox 261 2265 1007 2305; baseline -0.003 -3"><span class='ocrx_word' id='word_1_243' title='bbox 261 2267 359 2304; x_wconf 87' lang='lat' dir='ltr'>libere</span> <span class='ocrx_word' id='word_1_244' title='bbox 385 2280 418 2302; x_wconf 87' lang='lat' dir='ltr'>se</span> <span class='ocrx_word' id='word_1_245' title='bbox 449 2267 569 2305; x_wconf 79' lang='lat' dir='ltr'>videre,</span> <span class='ocrx_word' id='word_1_246' title='bbox 592 2266 635 2300; x_wconf 88' lang='lat' dir='ltr'>sic</span> <span class='ocrx_word' id='word_1_247' title='bbox 665 2277 699 2300; x_wconf 90' lang='lat' dir='ltr'>se</span> <span class='ocrx_word' id='word_1_248' title='bbox 725 2265 816 2300; x_wconf 87' lang='lat' dir='ltr'>etiam</span> <span class='ocrx_word' id='word_1_249' title='bbox 839 2265 951 2300; x_wconf 86' lang='lat' dir='ltr'>habeat</span> <span class='ocrx_word' id='word_1_250' title='bbox 978 2267 1007 2300; x_wconf 92' lang='lat' dir='ltr'>in</span> 
     </span>
     <span class='ocr_line' id='line_1_47' title="bbox 261 2314 1009 2353; baseline -0.004 -2"><span class='ocrx_word' id='word_1_251' title='bbox 261 2317 384 2353; x_wconf 86' lang='lat' dir='ltr'>animae</span> <span class='ocrx_word' id='word_1_252' title='bbox 418 2314 702 2352; x_wconf 87' lang='lat' dir='ltr'>commendatione.</span> <span class='ocrx_word' id='word_1_253' title='bbox 737 2314 835 2349; x_wconf 88' lang='lat' dir='ltr'>Porro</span> <span class='ocrx_word' id='word_1_254' title='bbox 865 2315 902 2349; x_wconf 90' lang='lat' dir='ltr'>ad</span> <span class='ocrx_word' id='word_1_255' title='bbox 933 2327 1009 2349; x_wconf 83' lang='lat' dir='ltr'>exe-</span> 
     </span>
     <span class='ocr_line' id='line_1_48' title="bbox 262 2363 1009 2414; baseline -0.004 -14"><span class='ocrx_word' id='word_1_256' title='bbox 262 2366 353 2414; x_wconf 88' lang='lat' dir='ltr'>quias</span> <span class='ocrx_word' id='word_1_257' title='bbox 377 2366 458 2401; x_wconf 90' lang='lat' dir='ltr'>circa</span> <span class='ocrx_word' id='word_1_258' title='bbox 485 2364 678 2411; x_wconf 85' lang='lat' dir='ltr'>sepulturam</span> <span class='ocrx_word' id='word_1_259' title='bbox 709 2363 846 2409; x_wconf 83' lang='lat' dir='ltr'>agendas</span> <span class='ocrx_word' id='word_1_260' title='bbox 869 2376 930 2399; x_wconf 89' lang='lat' dir='ltr'>non</span> <span class='ocrx_word' id='word_1_261' title='bbox 959 2364 1009 2398; x_wconf 90' lang='lat' dir='ltr'>in-</span> 
     </span>
     <span class='ocr_line' id='line_1_49' title="bbox 262 2412 1010 2462; baseline -0.004 -12"><span class='ocrx_word' id='word_1_262' title='bbox 262 2415 421 2462; x_wconf 83' lang='lat' dir='ltr'>grediatur</span> <span class='ocrx_word' id='word_1_263' title='bbox 447 2414 630 2455; x_wconf 77' lang='lat' dir='ltr'>claustrum,</span> <span class='ocrx_word' id='word_1_264' title='bbox 653 2412 706 2446; x_wconf 91' lang='lat' dir='ltr'>sed</span> <span class='ocrx_word' id='word_1_265' title='bbox 731 2413 868 2447; x_wconf 78' lang='lat' dir='ltr'>exterius</span> <span class='ocrx_word' id='word_1_266' title='bbox 891 2413 921 2447; x_wconf 89' lang='lat' dir='ltr'>in</span> <span class='ocrx_word' id='word_1_267' title='bbox 939 2424 1010 2460; x_wconf 90' lang='lat' dir='ltr'>cap-</span> 
     </span>
     <span class='ocr_line' id='line_1_50' title="bbox 265 2461 1010 2511; baseline -0.004 -12"><span class='ocrx_word' id='word_1_268' title='bbox 265 2463 366 2510; x_wconf 85' lang='lat' dir='ltr'>pella,</span> <span class='ocrx_word' id='word_1_269' title='bbox 392 2475 472 2511; x_wconf 88' lang='lat' dir='ltr'>quae</span> <span class='ocrx_word' id='word_1_270' title='bbox 506 2463 543 2498; x_wconf 89' lang='lat' dir='ltr'>ad</span> <span class='ocrx_word' id='word_1_271' title='bbox 580 2462 654 2496; x_wconf 90' lang='lat' dir='ltr'>illud</span> <span class='ocrx_word' id='word_1_272' title='bbox 683 2461 819 2496; x_wconf 80' lang='lat' dir='ltr'>officium</span> <span class='ocrx_word' id='word_1_273' title='bbox 859 2462 1010 2508; x_wconf 87' lang='lat' dir='ltr'>pertinet,</span> 
     </span>
     <span class='ocr_line' id='line_1_51' title="bbox 264 2510 1010 2560; baseline -0.004 -12"><span class='ocrx_word' id='word_1_274' title='bbox 264 2521 453 2560; x_wconf 58' lang='lat' dir='ltr'>aequatum</span> <span class='ocrx_word' id='word_1_275' title='bbox 491 2521 596 2547; x_wconf 84' lang='lat' dir='ltr'>tamen</span> <span class='ocrx_word' id='word_1_276' title='bbox 634 2511 658 2545; x_wconf 92' lang='lat' dir='ltr'>si</span> <span class='ocrx_word' id='word_1_277' title='bbox 697 2510 872 2545; x_wconf 84' lang='lat' dir='ltr'>abbatissae</span> <span class='ocrx_word' id='word_1_278' title='bbox 910 2511 1010 2545; x_wconf 89' lang='lat' dir='ltr'>visum</span> 
     </span>
     <span class='ocr_line' id='line_1_52' title="bbox 266 2558 1012 2609; baseline -0.003 -13"><span class='ocrx_word' id='word_1_279' title='bbox 266 2560 370 2602; x_wconf 82' lang='lat' dir='ltr'>fuerit,</span> <span class='ocrx_word' id='word_1_280' title='bbox 391 2561 475 2609; x_wconf 90' lang='lat' dir='ltr'>quod</span> <span class='ocrx_word' id='word_1_281' title='bbox 501 2561 539 2596; x_wconf 93' lang='lat' dir='ltr'>ad</span> <span class='ocrx_word' id='word_1_282' title='bbox 566 2560 716 2607; x_wconf 74' lang='lat' dir='ltr'>exequias</span> <span class='ocrx_word' id='word_1_283' title='bbox 738 2558 850 2594; x_wconf 87' lang='lat' dir='ltr'>debeat</span> <span class='ocrx_word' id='word_1_284' title='bbox 872 2559 1012 2600; x_wconf 87' lang='lat' dir='ltr'>introire,</span> 
     </span>
     <span class='ocr_line' id='line_1_53' title="bbox 267 2608 1014 2658; baseline -0.003 -12"><span class='ocrx_word' id='word_1_285' title='bbox 267 2610 362 2646; x_wconf 89' lang='lat' dir='ltr'>modo</span> <span class='ocrx_word' id='word_1_286' title='bbox 387 2611 601 2658; x_wconf 75' lang='lat' dir='ltr'>suprascripto</span> <span class='ocrx_word' id='word_1_287' title='bbox 625 2609 754 2644; x_wconf 87' lang='lat' dir='ltr'>indutus</span> <span class='ocrx_word' id='word_1_288' title='bbox 776 2608 880 2650; x_wconf 85' lang='lat' dir='ltr'>intret,</span> <span class='ocrx_word' id='word_1_289' title='bbox 903 2616 932 2644; x_wconf 78' lang='lat' dir='ltr'>et</span> <span class='ocrx_word' id='word_1_290' title='bbox 960 2620 1014 2644; x_wconf 86' lang='lat' dir='ltr'>se-</span> 
     </span>
    </p>
   </div>
   <div class='ocr_carea' id='block_1_5' title="bbox 1666 240 1731 272">
    <p class='ocr_par' dir='ltr' id='par_1_5' title="bbox 1666 240 1731 272">
     <span class='ocr_line' id='line_1_54' title="bbox 1666 240 1731 272; baseline 0 0"><span class='ocrx_word' id='word_1_291' title='bbox 1666 240 1731 272; x_wconf 73' lang='lat'>551</span> 
     </span>
    </p>
   </div>
   <div class='ocr_carea' id='block_1_6' title="bbox 1018 303 1794 2214">
    <p class='ocr_par' dir='ltr' id='par_1_6' title="bbox 1018 303 1794 2214">
     <span class='ocr_line' id='line_1_55' title="bbox 1039 303 1785 352; baseline 0.007 -14"><span class='ocrx_word' id='word_1_292' title='bbox 1039 303 1125 350; x_wconf 88' lang='lat' dir='ltr'>pulta</span> <span class='ocrx_word' id='word_1_293' title='bbox 1147 314 1267 338; x_wconf 48' lang='grc' dir='ltr'>πωπω</span> <span class='ocrx_word' id='word_1_294' title='bbox 1298 312 1387 339; x_wconf 76' lang='lat' dir='ltr'>exeat</span> <span class='ocrx_word' id='word_1_295' title='bbox 1411 305 1480 340; x_wconf 87' lang='lat' dir='ltr'>sine</span> <span class='ocrx_word' id='word_1_296' title='bbox 1506 305 1608 352; x_wconf 83' lang='lat' dir='ltr'>aliqua</span> <span class='ocrx_word' id='word_1_297' title='bbox 1632 319 1727 342; x_wconf 91' lang='lat' dir='ltr'>mora.</span> <span class='ocrx_word' id='word_1_298' title='bbox 1751 307 1785 343; x_wconf 82' lang='lat' dir='ltr'>Si</span> 
     </span>
     <span class='ocr_line' id='line_1_56' title="bbox 1038 353 1786 402; baseline 0.005 -15"><span class='ocrx_word' id='word_1_299' title='bbox 1038 361 1142 388; x_wconf 89' lang='lat' dir='ltr'>autem</span> <span class='ocrx_word' id='word_1_300' title='bbox 1171 364 1297 388; x_wconf 86' lang='lat' dir='ltr'>necesse</span> <span class='ocrx_word' id='word_1_301' title='bbox 1324 353 1428 393; x_wconf 77' lang='lat' dir='ltr'>suerit,</span> <span class='ocrx_word' id='word_1_302' title='bbox 1457 363 1488 389; x_wconf 87' lang='lat' dir='ltr'>ut</span> <span class='ocrx_word' id='word_1_303' title='bbox 1510 355 1547 389; x_wconf 92' lang='lat' dir='ltr'>ad</span> <span class='ocrx_word' id='word_1_304' title='bbox 1570 356 1786 402; x_wconf 86' lang='lat' dir='ltr'>aperiendam,</span> 
     </span>
     <span class='ocr_line' id='line_1_57' title="bbox 1038 402 1786 449; baseline 0.007 -13"><span class='ocrx_word' id='word_1_305' title='bbox 1038 414 1094 437; x_wconf 89' lang='lat' dir='ltr'>seu</span> <span class='ocrx_word' id='word_1_306' title='bbox 1118 402 1361 449; x_wconf 84' lang='lat' dir='ltr'>praeparandam</span> <span class='ocrx_word' id='word_1_307' title='bbox 1390 402 1595 448; x_wconf 88' lang='lat' dir='ltr'>sepulturam,</span> <span class='ocrx_word' id='word_1_308' title='bbox 1617 417 1672 440; x_wconf 89' lang='lat' dir='ltr'>seu</span> <span class='ocrx_word' id='word_1_309' title='bbox 1701 414 1786 442; x_wconf 87' lang='lat' dir='ltr'>certe</span> 
     </span>
     <span class='ocr_line' id='line_1_58' title="bbox 1039 450 1785 498; baseline 0.007 -13"><span class='ocrx_word' id='word_1_310' title='bbox 1039 450 1242 498; x_wconf 89' lang='lat' dir='ltr'>postmodum</span> <span class='ocrx_word' id='word_1_311' title='bbox 1274 452 1477 495; x_wconf 88' lang='lat' dir='ltr'>coaptandam</span> <span class='ocrx_word' id='word_1_312' title='bbox 1511 453 1719 498; x_wconf 82' lang='lat' dir='ltr'>ingrediatur,</span> <span class='ocrx_word' id='word_1_313' title='bbox 1745 456 1785 490; x_wconf 87' lang='lat' dir='ltr'>sit</span> 
     </span>
     <span class='ocr_line' id='line_1_59' title="bbox 1018 499 1786 543; baseline 0.007 -10"><span class='ocrx_word' id='word_1_314' title='bbox 1018 499 1081 543; x_wconf 45' lang='lat' dir='ltr'>¹ei,</span> <span class='ocrx_word' id='word_1_315' title='bbox 1103 499 1150 534; x_wconf 91' lang='lat' dir='ltr'>vel</span> <span class='ocrx_word' id='word_1_316' title='bbox 1183 499 1275 534; x_wconf 89' lang='lat' dir='ltr'>alicui</span> <span class='ocrx_word' id='word_1_317' title='bbox 1307 500 1356 534; x_wconf 90' lang='lat' dir='ltr'>alii</span> <span class='ocrx_word' id='word_1_318' title='bbox 1384 500 1422 534; x_wconf 91' lang='lat' dir='ltr'>ad</span> <span class='ocrx_word' id='word_1_319' title='bbox 1451 500 1509 535; x_wconf 88' lang='lat' dir='ltr'>hoc</span> <span class='ocrx_word' id='word_1_320' title='bbox 1532 502 1644 537; x_wconf 91' lang='lat' dir='ltr'>idoneo</span> <span class='ocrx_word' id='word_1_321' title='bbox 1671 512 1701 538; x_wconf 92' lang='lat' dir='ltr'>et</span> <span class='ocrx_word' id='word_1_322' title='bbox 1729 504 1786 538; x_wconf 91' lang='lat' dir='ltr'>ho-</span> 
     </span>
     <span class='ocr_line' id='line_1_60' title="bbox 1018 546 1786 605; baseline 0.005 -22"><span class='ocrx_word' id='word_1_323' title='bbox 1018 546 1020 575; x_wconf 60' lang='grc' dir='ltr'>Γ</span> <span class='ocrx_word' id='word_1_324' title='bbox 1040 555 1129 605; x_wconf 41' lang='lat' dir='ltr'>nesto</span> <span class='ocrx_word' id='word_1_325' title='bbox 1149 548 1272 583; x_wconf 89' lang='lat' dir='ltr'>licitum</span> <span class='ocrx_word' id='word_1_326' title='bbox 1295 549 1442 589; x_wconf 87' lang='lat' dir='ltr'>introire;</span> <span class='ocrx_word' id='word_1_327' title='bbox 1469 549 1558 584; x_wconf 83' lang='lat' dir='ltr'>aliter</span> <span class='ocrx_word' id='word_1_328' title='bbox 1581 563 1652 585; x_wconf 82' lang='lat' dir='ltr'>vero</span> <span class='ocrx_word' id='word_1_329' title='bbox 1675 564 1786 587; x_wconf 81' lang='lat' dir='ltr'>mona-</span> 
     </span>
     <span class='ocr_line' id='line_1_61' title="bbox 1018 584 1784 644; baseline 0.005 -12"><span class='ocrx_word' id='word_1_330' title='bbox 1018 584 1020 640; x_wconf 72' lang='lat' dir='ltr'>l</span> <span class='ocrx_word' id='word_1_331' title='bbox 1039 605 1169 632; x_wconf 86' lang='lat' dir='ltr'>sterium</span> <span class='ocrx_word' id='word_1_332' title='bbox 1194 596 1314 643; x_wconf 85' lang='lat' dir='ltr'>ingredi</span> <span class='ocrx_word' id='word_1_333' title='bbox 1339 609 1399 631; x_wconf 91' lang='lat' dir='ltr'>non</span> <span class='ocrx_word' id='word_1_334' title='bbox 1425 607 1616 644; x_wconf 85' lang='lat' dir='ltr'>praesumat,</span> <span class='ocrx_word' id='word_1_335' title='bbox 1638 601 1692 634; x_wconf 90' lang='lat' dir='ltr'>sed</span> <span class='ocrx_word' id='word_1_336' title='bbox 1712 613 1784 636; x_wconf 91' lang='lat' dir='ltr'>cum</span> 
     </span>
     <span class='ocr_line' id='line_1_62' title="bbox 1039 646 1784 695; baseline 0.004 -14"><span class='ocrx_word' id='word_1_337' title='bbox 1039 647 1143 693; x_wconf 88' lang='lat' dir='ltr'>aliqua</span> <span class='ocrx_word' id='word_1_338' title='bbox 1165 646 1226 681; x_wconf 91' lang='lat' dir='ltr'>sibi</span> <span class='ocrx_word' id='word_1_339' title='bbox 1255 646 1295 680; x_wconf 88' lang='lat' dir='ltr'>de</span> <span class='ocrx_word' id='word_1_340' title='bbox 1317 646 1515 682; x_wconf 85' lang='lat' dir='ltr'>confessione</span> <span class='ocrx_word' id='word_1_341' title='bbox 1538 647 1624 695; x_wconf 91' lang='lat' dir='ltr'>loqui</span> <span class='ocrx_word' id='word_1_342' title='bbox 1642 650 1784 692; x_wconf 79' lang='lat' dir='ltr'>voluerit,</span> 
     </span>
     <span class='ocr_line' id='line_1_63' title="bbox 1042 695 1784 744; baseline 0.005 -15"><span class='ocrx_word' id='word_1_343' title='bbox 1042 708 1097 742; x_wconf 89' lang='lat' dir='ltr'>per</span> <span class='ocrx_word' id='word_1_344' title='bbox 1127 695 1314 730; x_wconf 89' lang='lat' dir='ltr'>locutorium</span> <span class='ocrx_word' id='word_1_345' title='bbox 1341 707 1407 729; x_wconf 90' lang='lat' dir='ltr'>eam</span> <span class='ocrx_word' id='word_1_346' title='bbox 1436 696 1542 730; x_wconf 86' lang='lat' dir='ltr'>audiat</span> <span class='ocrx_word' id='word_1_347' title='bbox 1569 705 1599 731; x_wconf 89' lang='lat' dir='ltr'>et</span> <span class='ocrx_word' id='word_1_348' title='bbox 1627 710 1681 744; x_wconf 87' lang='lat' dir='ltr'>per</span> <span class='ocrx_word' id='word_1_349' title='bbox 1710 699 1784 733; x_wconf 88' lang='lat' dir='ltr'>illud</span> 
     </span>
     <span class='ocr_line' id='line_1_64' title="bbox 1040 743 1784 793; baseline 0.004 -14"><span class='ocrx_word' id='word_1_350' title='bbox 1040 745 1142 779; x_wconf 88' lang='lat' dir='ltr'>eidem</span> <span class='ocrx_word' id='word_1_351' title='bbox 1166 745 1233 791; x_wconf 92' lang='lat' dir='ltr'>ipse</span> <span class='ocrx_word' id='word_1_352' title='bbox 1251 743 1409 792; x_wconf 89' lang='lat' dir='ltr'>loquatur.</span> <span class='ocrx_word' id='word_1_353' title='bbox 1428 744 1517 786; x_wconf 84' lang='lat' dir='ltr'>Quae</span> <span class='ocrx_word' id='word_1_354' title='bbox 1533 758 1605 780; x_wconf 85' lang='lat' dir='ltr'>vero</span> <span class='ocrx_word' id='word_1_355' title='bbox 1625 748 1784 793; x_wconf 74' lang='lat' dir='ltr'>proprium</span> 
     </span>
     <span class='ocr_line' id='line_1_65' title="bbox 1041 793 1787 842; baseline 0.005 -15"><span class='ocrx_word' id='word_1_356' title='bbox 1041 806 1102 828; x_wconf 90' lang='lat' dir='ltr'>non</span> <span class='ocrx_word' id='word_1_357' title='bbox 1131 793 1275 828; x_wconf 88' lang='lat' dir='ltr'>habuerit</span> <span class='ocrx_word' id='word_1_358' title='bbox 1313 793 1557 840; x_wconf 86' lang='lat' dir='ltr'>cappellanum,</span> <span class='ocrx_word' id='word_1_359' title='bbox 1596 808 1612 830; x_wconf 91' lang='lat' dir='ltr'>a</span> <span class='ocrx_word' id='word_1_360' title='bbox 1647 796 1787 842; x_wconf 82' lang='lat' dir='ltr'>quolibet</span> 
     </span>
     <span class='ocr_line' id='line_1_66' title="bbox 1042 842 1788 893; baseline 0.005 -17"><span class='ocrx_word' id='word_1_361' title='bbox 1042 843 1141 878; x_wconf 88' lang='lat' dir='ltr'>bonae</span> <span class='ocrx_word' id='word_1_362' title='bbox 1160 842 1258 877; x_wconf 81' lang='lat' dir='ltr'>famae</span> <span class='ocrx_word' id='word_1_363' title='bbox 1281 852 1311 877; x_wconf 85' lang='lat' dir='ltr'>et</span> <span class='ocrx_word' id='word_1_364' title='bbox 1338 842 1488 878; x_wconf 88' lang='lat' dir='ltr'>honestae</span> <span class='ocrx_word' id='word_1_365' title='bbox 1510 844 1588 878; x_wconf 83' lang='lat' dir='ltr'>vitae</span> <span class='ocrx_word' id='word_1_366' title='bbox 1607 845 1788 893; x_wconf 81' lang='lat' dir='ltr'>presbytero</span> 
     </span>
     <span class='ocr_line' id='line_1_67' title="bbox 1042 891 1787 938; baseline 0.004 -12"><span class='ocrx_word' id='word_1_367' title='bbox 1042 891 1167 927; x_wconf 88' lang='lat' dir='ltr'>missam</span> <span class='ocrx_word' id='word_1_368' title='bbox 1190 892 1299 927; x_wconf 86' lang='lat' dir='ltr'>audire</span> <span class='ocrx_word' id='word_1_369' title='bbox 1324 901 1466 938; x_wconf 84' lang='lat' dir='ltr'>possunt.</span> <span class='ocrx_word' id='word_1_370' title='bbox 1489 892 1717 928; x_wconf 83' lang='lat' dir='ltr'>poenitentiam</span> <span class='ocrx_word' id='word_1_371' title='bbox 1736 907 1787 929; x_wconf 88' lang='lat' dir='ltr'>au-</span> 
     </span>
     <span class='ocr_line' id='line_1_68' title="bbox 1041 940 1788 988; baseline 0.004 -13"><span class='ocrx_word' id='word_1_372' title='bbox 1041 949 1116 982; x_wconf 75' lang='lat' dir='ltr'>tem,</span> <span class='ocrx_word' id='word_1_373' title='bbox 1130 949 1225 988; x_wconf 89' lang='lat' dir='ltr'>atque</span> <span class='ocrx_word' id='word_1_374' title='bbox 1243 940 1402 975; x_wconf 86' lang='lat' dir='ltr'>Dominici</span> <span class='ocrx_word' id='word_1_375' title='bbox 1420 941 1577 988; x_wconf 65' lang='lat' dir='ltr'>,Corporis</span> <span class='ocrx_word' id='word_1_376' title='bbox 1592 952 1788 978; x_wconf 85' lang='lat' dir='ltr'>sacramenta</span> 
     </span>
     <span class='ocr_line' id='line_1_69' title="bbox 1042 989 1790 1027; baseline 0.004 -3"><span class='ocrx_word' id='word_1_377' title='bbox 1042 998 1192 1024; x_wconf 89' lang='lat' dir='ltr'>tantuma</span> <span class='ocrx_word' id='word_1_378' title='bbox 1216 989 1363 1024; x_wconf 82' lang='lat' dir='ltr'>fratribus</span> <span class='ocrx_word' id='word_1_379' title='bbox 1383 990 1503 1025; x_wconf 87' lang='lat' dir='ltr'>ordinis</span> <span class='ocrx_word' id='word_1_380' title='bbox 1525 990 1684 1026; x_wconf 86' lang='lat' dir='ltr'>Minorurn</span> <span class='ocrx_word' id='word_1_381' title='bbox 1700 992 1790 1027; x_wconf 91' lang='lat' dir='ltr'>dum-</span> 
     </span>
     <span class='ocr_line' id='line_1_70' title="bbox 1043 1039 1788 1086; baseline 0.004 -14"><span class='ocrx_word' id='word_1_382' title='bbox 1043 1047 1123 1073; x_wconf 81' lang='lat' dir='ltr'>taxat</span> <span class='ocrx_word' id='word_1_383' title='bbox 1154 1039 1323 1086; x_wconf 76' lang='lat' dir='ltr'>recipiant.</span> <span class='ocrx_word' id='word_1_384' title='bbox 1353 1039 1409 1073; x_wconf 88' lang='lat' dir='ltr'>uisi</span> <span class='ocrx_word' id='word_1_385' title='bbox 1445 1040 1474 1073; x_wconf 89' lang='lat' dir='ltr'>in</span> <span class='ocrx_word' id='word_1_386' title='bbox 1511 1040 1705 1086; x_wconf 84' lang='lat' dir='ltr'>periculosae</span> <span class='ocrx_word' id='word_1_387' title='bbox 1732 1053 1788 1075; x_wconf 90' lang='lat' dir='ltr'>ne-</span> 
     </span>
     <span class='ocr_line' id='line_1_71' title="bbox 1041 1087 1788 1138; baseline 0.001 -16"><span class='ocrx_word' id='word_1_388' title='bbox 1041 1089 1197 1123; x_wconf 83' lang='lat' dir='ltr'>cessitatis</span> <span class='ocrx_word' id='word_1_389' title='bbox 1229 1088 1360 1122; x_wconf 87' lang='lat' dir='ltr'>articulo</span> <span class='ocrx_word' id='word_1_390' title='bbox 1393 1087 1496 1135; x_wconf 87' lang='lat' dir='ltr'>aliqua</span> <span class='ocrx_word' id='word_1_391' title='bbox 1528 1090 1696 1124; x_wconf 89' lang='lat' dir='ltr'>constituta</span> <span class='ocrx_word' id='word_1_392' title='bbox 1732 1103 1788 1138; x_wconf 86' lang='lat' dir='ltr'>pro</span> 
     </span>
     <span class='ocr_line' id='line_1_72' title="bbox 1042 1136 1788 1186; baseline 0.004 -16"><span class='ocrx_word' id='word_1_393' title='bbox 1042 1136 1092 1171; x_wconf 88' lang='lat' dir='ltr'>his</span> <span class='ocrx_word' id='word_1_394' title='bbox 1106 1136 1221 1171; x_wconf 88' lang='lat' dir='ltr'>habere</span> <span class='ocrx_word' id='word_1_395' title='bbox 1235 1138 1356 1183; x_wconf 88' lang='lat' dir='ltr'>copiam</span> <span class='ocrx_word' id='word_1_396' title='bbox 1371 1136 1500 1171; x_wconf 86' lang='lat' dir='ltr'>fratrum</span> <span class='ocrx_word' id='word_1_397' title='bbox 1513 1138 1690 1184; x_wconf 87' lang='lat' dir='ltr'>nequiverit</span> <span class='ocrx_word' id='word_1_398' title='bbox 1704 1151 1788 1186; x_wconf 89' lang='lat' dir='ltr'>prae-</span> 
     </span>
     <span class='ocr_line' id='line_1_73' title="bbox 1042 1185 1789 1232; baseline 0.004 -13"><span class='ocrx_word' id='word_1_399' title='bbox 1042 1185 1210 1220; x_wconf 90' lang='lat' dir='ltr'>dictorum.</span> <span class='ocrx_word' id='word_1_400' title='bbox 1237 1185 1394 1220; x_wconf 86' lang='lat' dir='ltr'>Volumus</span> <span class='ocrx_word' id='word_1_401' title='bbox 1422 1187 1534 1226; x_wconf 89' lang='lat' dir='ltr'>etiam,</span> <span class='ocrx_word' id='word_1_402' title='bbox 1567 1196 1601 1221; x_wconf 88' lang='lat' dir='ltr'>ut</span> <span class='ocrx_word' id='word_1_403' title='bbox 1628 1187 1659 1221; x_wconf 88' lang='lat' dir='ltr'>in</span> <span class='ocrx_word' id='word_1_404' title='bbox 1686 1200 1789 1232; x_wconf 86' lang='lat' dir='ltr'>muro,</span> 
     </span>
     <span class='ocr_line' id='line_1_74' title="bbox 1042 1234 1789 1282; baseline 0.005 -14"><span class='ocrx_word' id='word_1_405' title='bbox 1042 1235 1094 1280; x_wconf 91' lang='lat' dir='ltr'>qui</span> <span class='ocrx_word' id='word_1_406' title='bbox 1117 1246 1241 1269; x_wconf 87' lang='lat' dir='ltr'>sorores</span> <span class='ocrx_word' id='word_1_407' title='bbox 1262 1234 1374 1268; x_wconf 88' lang='lat' dir='ltr'>dividit</span> <span class='ocrx_word' id='word_1_408' title='bbox 1395 1247 1411 1269; x_wconf 91' lang='lat' dir='ltr'>a</span> <span class='ocrx_word' id='word_1_409' title='bbox 1430 1235 1583 1282; x_wconf 76' lang='lat' dir='ltr'>cappella,</span> <span class='ocrx_word' id='word_1_410' title='bbox 1606 1248 1789 1282; x_wconf 82' lang='lat' dir='ltr'>congruen-</span> 
     </span>
     <span class='ocr_line' id='line_1_75' title="bbox 1043 1283 1789 1329; baseline 0.004 -12"><span class='ocrx_word' id='word_1_411' title='bbox 1043 1284 1082 1317; x_wconf 90' lang='lat' dir='ltr'>tis</span> <span class='ocrx_word' id='word_1_412' title='bbox 1113 1283 1230 1318; x_wconf 85' lang='lat' dir='ltr'>formae</span> <span class='ocrx_word' id='word_1_413' title='bbox 1260 1284 1354 1318; x_wconf 85' lang='lat' dir='ltr'>cratis</span> <span class='ocrx_word' id='word_1_414' title='bbox 1381 1284 1479 1318; x_wconf 82' lang='lat' dir='ltr'>ferrea</span> <span class='ocrx_word' id='word_1_415' title='bbox 1513 1284 1701 1329; x_wconf 88' lang='lat' dir='ltr'>collocetur,</span> <span class='ocrx_word' id='word_1_416' title='bbox 1738 1286 1789 1320; x_wconf 91' lang='lat' dir='ltr'>cui</span> 
     </span>
     <span class='ocr_line' id='line_1_76' title="bbox 1043 1332 1791 1378; baseline 0.003 -12"><span class='ocrx_word' id='word_1_417' title='bbox 1043 1333 1117 1366; x_wconf 89' lang='lat' dir='ltr'>crati</span> <span class='ocrx_word' id='word_1_418' title='bbox 1147 1344 1268 1378; x_wconf 85' lang='lat' dir='ltr'>pannus</span> <span class='ocrx_word' id='word_1_419' title='bbox 1294 1333 1397 1366; x_wconf 87' lang='lat' dir='ltr'>lineus</span> <span class='ocrx_word' id='word_1_420' title='bbox 1424 1332 1511 1378; x_wconf 81' lang='lat' dir='ltr'>niger</span> <span class='ocrx_word' id='word_1_421' title='bbox 1538 1333 1669 1368; x_wconf 87' lang='lat' dir='ltr'>interius</span> <span class='ocrx_word' id='word_1_422' title='bbox 1691 1334 1791 1369; x_wconf 87' lang='lat' dir='ltr'>taliter</span> 
     </span>
     <span class='ocr_line' id='line_1_77' title="bbox 1042 1382 1792 1427; baseline 0.003 -11"><span class='ocrx_word' id='word_1_423' title='bbox 1042 1389 1229 1427; x_wconf 79' lang='lat' dir='ltr'>apponatur,</span> <span class='ocrx_word' id='word_1_424' title='bbox 1265 1390 1298 1415; x_wconf 86' lang='lat' dir='ltr'>ut</span> <span class='ocrx_word' id='word_1_425' title='bbox 1322 1382 1403 1415; x_wconf 89' lang='lat' dir='ltr'>nulla</span> <span class='ocrx_word' id='word_1_426' title='bbox 1433 1382 1504 1416; x_wconf 86' lang='lat' dir='ltr'>iude</span> <span class='ocrx_word' id='word_1_427' title='bbox 1534 1383 1629 1416; x_wconf 84' lang='lat' dir='ltr'>valeat</span> <span class='ocrx_word' id='word_1_428' title='bbox 1655 1384 1792 1418; x_wconf 78' lang='lat' dir='ltr'>exterius</span> 
     </span>
     <span class='ocr_line' id='line_1_78' title="bbox 1043 1430 1791 1478; baseline 0.003 -14"><span class='ocrx_word' id='word_1_429' title='bbox 1043 1430 1160 1477; x_wconf 91' lang='lat' dir='ltr'>aliquid</span> <span class='ocrx_word' id='word_1_430' title='bbox 1190 1430 1326 1470; x_wconf 74' lang='lat' dir='ltr'>intueri,</span> <span class='ocrx_word' id='word_1_431' title='bbox 1355 1430 1467 1464; x_wconf 86' lang='lat' dir='ltr'>babeat</span> <span class='ocrx_word' id='word_1_432' title='bbox 1500 1438 1530 1465; x_wconf 86' lang='lat' dir='ltr'>et</span> <span class='ocrx_word' id='word_1_433' title='bbox 1562 1431 1639 1465; x_wconf 82' lang='lat' dir='ltr'>ostia</span> <span class='ocrx_word' id='word_1_434' title='bbox 1673 1432 1791 1478; x_wconf 77' lang='lat' dir='ltr'>lignea,</span> 
     </span>
     <span class='ocr_line' id='line_1_79' title="bbox 1043 1479 1792 1527; baseline 0.003 -14"><span class='ocrx_word' id='word_1_435' title='bbox 1043 1492 1079 1513; x_wconf 80' lang='lat' dir='ltr'>ex</span> <span class='ocrx_word' id='word_1_436' title='bbox 1103 1487 1190 1526; x_wconf 87' lang='lat' dir='ltr'>parte</span> <span class='ocrx_word' id='word_1_437' title='bbox 1211 1490 1354 1514; x_wconf 85' lang='lat' dir='ltr'>sororum</span> <span class='ocrx_word' id='word_1_438' title='bbox 1371 1492 1442 1513; x_wconf 88' lang='lat' dir='ltr'>cum</span> <span class='ocrx_word' id='word_1_439' title='bbox 1465 1481 1545 1514; x_wconf 90' lang='lat' dir='ltr'>seris</span> <span class='ocrx_word' id='word_1_440' title='bbox 1558 1479 1679 1524; x_wconf 70' lang='lat' dir='ltr'>ferreis,</span> <span class='ocrx_word' id='word_1_441' title='bbox 1695 1489 1792 1527; x_wconf 87' lang='lat' dir='ltr'>atque</span> 
     </span>
     <span class='ocr_line' id='line_1_80' title="bbox 1044 1528 1792 1576; baseline 0.004 -15"><span class='ocrx_word' id='word_1_442' title='bbox 1044 1528 1137 1567; x_wconf 79' lang='lat' dir='ltr'>clavi,</span> <span class='ocrx_word' id='word_1_443' title='bbox 1161 1536 1192 1562; x_wconf 89' lang='lat' dir='ltr'>ut</span> <span class='ocrx_word' id='word_1_444' title='bbox 1219 1536 1363 1562; x_wconf 85' lang='lat' dir='ltr'>maneant</span> <span class='ocrx_word' id='word_1_445' title='bbox 1391 1541 1517 1576; x_wconf 89' lang='lat' dir='ltr'>semper</span> <span class='ocrx_word' id='word_1_446' title='bbox 1540 1529 1646 1564; x_wconf 79' lang='lat' dir='ltr'>clausa</span> <span class='ocrx_word' id='word_1_447' title='bbox 1665 1530 1792 1576; x_wconf 85' lang='lat' dir='ltr'>pariter,</span> 
     </span>
     <span class='ocr_line' id='line_1_81' title="bbox 1044 1577 1791 1623; baseline 0.004 -12"><span class='ocrx_word' id='word_1_448' title='bbox 1044 1585 1073 1612; x_wconf 84' lang='lat' dir='ltr'>et</span> <span class='ocrx_word' id='word_1_449' title='bbox 1102 1577 1232 1617; x_wconf 73' lang='lat' dir='ltr'>firmata,</span> <span class='ocrx_word' id='word_1_450' title='bbox 1261 1586 1291 1612; x_wconf 90' lang='lat' dir='ltr'>et</span> <span class='ocrx_word' id='word_1_451' title='bbox 1322 1590 1384 1611; x_wconf 91' lang='lat' dir='ltr'>non</span> <span class='ocrx_word' id='word_1_452' title='bbox 1413 1579 1605 1623; x_wconf 84' lang='lat' dir='ltr'>aperiantur,</span> <span class='ocrx_word' id='word_1_453' title='bbox 1631 1580 1692 1613; x_wconf 91' lang='lat' dir='ltr'>nisi</span> <span class='ocrx_word' id='word_1_454' title='bbox 1719 1591 1791 1614; x_wconf 89' lang='lat' dir='ltr'>cum</span> 
     </span>
     <span class='ocr_line' id='line_1_82' title="bbox 1044 1626 1793 1671; baseline 0.003 -11"><span class='ocrx_word' id='word_1_455' title='bbox 1044 1626 1186 1661; x_wconf 79' lang='lat' dir='ltr'>divinum</span> <span class='ocrx_word' id='word_1_456' title='bbox 1214 1626 1389 1661; x_wconf 87' lang='lat' dir='ltr'>celebratur</span> <span class='ocrx_word' id='word_1_457' title='bbox 1402 1626 1567 1671; x_wconf 80' lang='lat' dir='ltr'>Officium,</span> <span class='ocrx_word' id='word_1_458' title='bbox 1595 1629 1640 1662; x_wconf 82' lang='lat' dir='ltr'>vel</span> <span class='ocrx_word' id='word_1_459' title='bbox 1669 1628 1706 1662; x_wconf 91' lang='lat' dir='ltr'>ad</span> <span class='ocrx_word' id='word_1_460' title='bbox 1735 1640 1793 1662; x_wconf 82' lang='lat' dir='ltr'>au-</span> 
     </span>
     <span class='ocr_line' id='line_1_83' title="bbox 1044 1676 1792 1723; baseline 0.004 -14"><span class='ocrx_word' id='word_1_461' title='bbox 1044 1676 1196 1710; x_wconf 87' lang='lat' dir='ltr'>diendum</span> <span class='ocrx_word' id='word_1_462' title='bbox 1228 1676 1396 1722; x_wconf 82' lang='lat' dir='ltr'>aliquando</span> <span class='ocrx_word' id='word_1_463' title='bbox 1419 1677 1549 1710; x_wconf 84' lang='lat' dir='ltr'>verbum</span> <span class='ocrx_word' id='word_1_464' title='bbox 1576 1677 1647 1716; x_wconf 81' lang='lat' dir='ltr'>Dei,</span> <span class='ocrx_word' id='word_1_465' title='bbox 1672 1689 1792 1723; x_wconf 83' lang='lat' dir='ltr'>propo—</span> 
     </span>
     <span class='ocr_line' id='line_1_84' title="bbox 1046 1724 1792 1773; baseline 0.003 -15"><span class='ocrx_word' id='word_1_466' title='bbox 1046 1725 1185 1759; x_wconf 85' lang='lat' dir='ltr'>nendum</span> <span class='ocrx_word' id='word_1_467' title='bbox 1225 1724 1283 1758; x_wconf 88' lang='lat' dir='ltr'>sibi</span> <span class='ocrx_word' id='word_1_468' title='bbox 1323 1725 1460 1759; x_wconf 79' lang='lat' dir='ltr'>exterius</span> <span class='ocrx_word' id='word_1_469' title='bbox 1495 1726 1526 1759; x_wconf 89' lang='lat' dir='ltr'>in</span> <span class='ocrx_word' id='word_1_470' title='bbox 1558 1726 1700 1773; x_wconf 87' lang='lat' dir='ltr'>cappella</span> <span class='ocrx_word' id='word_1_471' title='bbox 1738 1739 1792 1773; x_wconf 84' lang='lat' dir='ltr'>per</span> 
     </span>
     <span class='ocr_line' id='line_1_85' title="bbox 1047 1774 1792 1821; baseline 0.003 -14"><span class='ocrx_word' id='word_1_472' title='bbox 1047 1774 1191 1808; x_wconf 88' lang='lat' dir='ltr'>idoneam</span> <span class='ocrx_word' id='word_1_473' title='bbox 1215 1782 1245 1808; x_wconf 89' lang='lat' dir='ltr'>et</span> <span class='ocrx_word' id='word_1_474' title='bbox 1264 1774 1425 1808; x_wconf 87' lang='lat' dir='ltr'>honestam</span> <span class='ocrx_word' id='word_1_475' title='bbox 1449 1787 1630 1821; x_wconf 84' lang='lat' dir='ltr'>personam,</span> <span class='ocrx_word' id='word_1_476' title='bbox 1651 1783 1681 1809; x_wconf 89' lang='lat' dir='ltr'>et</span> <span class='ocrx_word' id='word_1_477' title='bbox 1700 1787 1792 1809; x_wconf 88' lang='lat' dir='ltr'>nemo</span> 
     </span>
     <span class='ocr_line' id='line_1_86' title="bbox 1045 1822 1790 1871; baseline 0.003 -15"><span class='ocrx_word' id='word_1_478' title='bbox 1045 1824 1120 1857; x_wconf 86' lang='lat' dir='ltr'>alias</span> <span class='ocrx_word' id='word_1_479' title='bbox 1153 1835 1209 1870; x_wconf 90' lang='lat' dir='ltr'>per</span> <span class='ocrx_word' id='word_1_480' title='bbox 1246 1822 1360 1857; x_wconf 84' lang='lat' dir='ltr'>dictam</span> <span class='ocrx_word' id='word_1_481' title='bbox 1390 1832 1505 1858; x_wconf 84' lang='lat' dir='ltr'>cratem</span> <span class='ocrx_word' id='word_1_482' title='bbox 1535 1824 1697 1871; x_wconf 83' lang='lat' dir='ltr'>loquatur,</span> <span class='ocrx_word' id='word_1_483' title='bbox 1733 1825 1790 1858; x_wconf 89' lang='lat' dir='ltr'>nisi</span> 
     </span>
     <span class='ocr_line' id='line_1_87' title="bbox 1047 1872 1792 1919; baseline 0.003 -13"><span class='ocrx_word' id='word_1_484' title='bbox 1047 1872 1127 1906; x_wconf 83' lang='lat' dir='ltr'>sorte</span> <span class='ocrx_word' id='word_1_485' title='bbox 1151 1872 1319 1919; x_wconf 83' lang='lat' dir='ltr'>aliquando</span> <span class='ocrx_word' id='word_1_486' title='bbox 1341 1884 1431 1907; x_wconf 88' lang='lat' dir='ltr'>causa</span> <span class='ocrx_word' id='word_1_487' title='bbox 1456 1874 1644 1916; x_wconf 73' lang='lat' dir='ltr'>rationabili,</span> <span class='ocrx_word' id='word_1_488' title='bbox 1667 1874 1713 1908; x_wconf 79' lang='lat' dir='ltr'>vel</span> <span class='ocrx_word' id='word_1_489' title='bbox 1737 1886 1792 1908; x_wconf 90' lang='lat' dir='ltr'>ne-</span> 
     </span>
     <span class='ocr_line' id='line_1_88' title="bbox 1046 1921 1794 1967; baseline 0 -11"><span class='ocrx_word' id='word_1_490' title='bbox 1046 1921 1180 1956; x_wconf 85' lang='lat' dir='ltr'>cessaria</span> <span class='ocrx_word' id='word_1_491' title='bbox 1206 1922 1362 1967; x_wconf 75' lang='lat' dir='ltr'>exigente,</span> <span class='ocrx_word' id='word_1_492' title='bbox 1389 1922 1481 1956; x_wconf 85' lang='lat' dir='ltr'>alicui</span> <span class='ocrx_word' id='word_1_493' title='bbox 1507 1934 1574 1957; x_wconf 85' lang='lat' dir='ltr'>raro</span> <span class='ocrx_word' id='word_1_494' title='bbox 1603 1922 1696 1958; x_wconf 86' lang='lat' dir='ltr'>fuerit</span> <span class='ocrx_word' id='word_1_495' title='bbox 1717 1935 1794 1957; x_wconf 87' lang='lat' dir='ltr'>con-</span> 
     </span>
     <span class='ocr_line' id='line_1_89' title="bbox 1047 1970 1792 2019; baseline 0 -14"><span class='ocrx_word' id='word_1_496' title='bbox 1047 1970 1236 2005; x_wconf 89' lang='lat' dir='ltr'>cedendum.</span> <span class='ocrx_word' id='word_1_497' title='bbox 1275 1970 1314 2004; x_wconf 91' lang='lat' dir='ltr'>Et</span> <span class='ocrx_word' id='word_1_498' title='bbox 1352 1971 1617 2018; x_wconf 87' lang='lat' dir='ltr'>quandocumque</span> <span class='ocrx_word' id='word_1_499' title='bbox 1656 1972 1792 2019; x_wconf 82' lang='lat' dir='ltr'>aliquam</span> 
     </span>
     <span class='ocr_line' id='line_1_90' title="bbox 1049 2020 1793 2067; baseline 0.001 -14"><span class='ocrx_word' id='word_1_500' title='bbox 1049 2031 1215 2067; x_wconf 79' lang='lat' dir='ltr'>personam</span> <span class='ocrx_word' id='word_1_501' title='bbox 1246 2027 1424 2055; x_wconf 85' lang='lat' dir='ltr'>extraneam</span> <span class='ocrx_word' id='word_1_502' title='bbox 1453 2020 1490 2054; x_wconf 86' lang='lat' dir='ltr'>ad</span> <span class='ocrx_word' id='word_1_503' title='bbox 1513 2033 1565 2055; x_wconf 91' lang='lat' dir='ltr'>eas</span> <span class='ocrx_word' id='word_1_504' title='bbox 1592 2021 1724 2067; x_wconf 84' lang='lat' dir='ltr'>ingredi,</span> <span class='ocrx_word' id='word_1_505' title='bbox 1749 2022 1793 2055; x_wconf 80' lang='lat' dir='ltr'>vel</span> 
     </span>
     <span class='ocr_line' id='line_1_91' title="bbox 1047 2069 1792 2116; baseline 0 -13"><span class='ocrx_word' id='word_1_506' title='bbox 1047 2069 1123 2103; x_wconf 88' lang='lat' dir='ltr'>alias</span> <span class='ocrx_word' id='word_1_507' title='bbox 1147 2081 1200 2113; x_wconf 89' lang='lat' dir='ltr'>per</span> <span class='ocrx_word' id='word_1_508' title='bbox 1220 2077 1336 2103; x_wconf 85' lang='lat' dir='ltr'>cratem</span> <span class='ocrx_word' id='word_1_509' title='bbox 1363 2071 1411 2103; x_wconf 90' lang='lat' dir='ltr'>eis</span> <span class='ocrx_word' id='word_1_510' title='bbox 1433 2069 1518 2116; x_wconf 89' lang='lat' dir='ltr'>loqui</span> <span class='ocrx_word' id='word_1_511' title='bbox 1541 2070 1717 2116; x_wconf 80' lang='lat' dir='ltr'>contigerit,</span> <span class='ocrx_word' id='word_1_512' title='bbox 1745 2078 1792 2103; x_wconf 55' lang='lat' dir='ltr'>te&lt;</span> 
     </span>
     <span class='ocr_line' id='line_1_92' title="bbox 1048 2117 1794 2164; baseline 0.003 -13"><span class='ocrx_word' id='word_1_513' title='bbox 1048 2127 1121 2164; x_wconf 82' lang='lat' dir='ltr'>gant</span> <span class='ocrx_word' id='word_1_514' title='bbox 1144 2117 1240 2152; x_wconf 83' lang='lat' dir='ltr'>facies</span> <span class='ocrx_word' id='word_1_515' title='bbox 1266 2130 1339 2152; x_wconf 89' lang='lat' dir='ltr'>suas</span> <span class='ocrx_word' id='word_1_516' title='bbox 1365 2130 1437 2152; x_wconf 88' lang='lat' dir='ltr'>cum</span> <span class='ocrx_word' id='word_1_517' title='bbox 1460 2119 1614 2154; x_wconf 85' lang='lat' dir='ltr'>modestia</span> <span class='ocrx_word' id='word_1_518' title='bbox 1641 2127 1672 2153; x_wconf 84' lang='lat' dir='ltr'>et</span> <span class='ocrx_word' id='word_1_519' title='bbox 1700 2118 1794 2153; x_wconf 87' lang='lat' dir='ltr'>incli-</span> 
     </span>
     <span class='ocr_line' id='line_1_93' title="bbox 1026 2167 1792 2214; baseline 0 -13"><span class='ocrx_word' id='word_1_520' title='bbox 1026 2185 1028 2200; x_wconf 79' lang='grc' dir='ltr'>ι</span> <span class='ocrx_word' id='word_1_521' title='bbox 1050 2175 1134 2208; x_wconf 81' lang='lat' dir='ltr'>nent,</span> <span class='ocrx_word' id='word_1_522' title='bbox 1158 2174 1249 2214; x_wconf 90' lang='lat' dir='ltr'>prout</span> <span class='ocrx_word' id='word_1_523' title='bbox 1273 2167 1433 2213; x_wconf 79' lang='lat' dir='ltr'>religionis</span> <span class='ocrx_word' id='word_1_524' title='bbox 1459 2169 1605 2202; x_wconf 78' lang='lat' dir='ltr'>convenit</span> <span class='ocrx_word' id='word_1_525' title='bbox 1627 2168 1792 2202; x_wconf 52' lang='lat' dir='ltr'>honestati.</span> 
     </span>
    </p>
   </div>
   <div class='ocr_carea' id='block_1_7' title="bbox 1016 308 1021 517">
    <p class='ocr_par' dir='ltr' id='par_1_7' title="bbox 1016 308 1021 517">
     <span class='ocr_line' id='line_1_94' title="bbox 1016 308 1021 517; baseline 0 2706"><span class='ocrx_word' id='word_1_526' title='bbox 1016 308 1021 517; x_wconf 95' lang='lat' dir='ltr'> </span> 
     </span>
    </p>
   </div>
   <div class='ocr_carea' id='block_1_8' title="bbox 1018 642 1020 764">
    <p class='ocr_par' dir='ltr' id='par_1_8' title="bbox 1018 642 1020 764">
     <span class='ocr_line' id='line_1_95' title="bbox 1018 642 1020 764; baseline 0 2459"><span class='ocrx_word' id='word_1_527' title='bbox 1018 642 1020 764; x_wconf 95' lang='lat' dir='ltr'> </span> 
     </span>
    </p>
   </div>
   <div class='ocr_carea' id='block_1_9' title="bbox 1050 2264 1800 2655">
    <p class='ocr_par' dir='ltr' id='par_1_9' title="bbox 1050 2264 1800 2655">
     <span class='ocr_line' id='line_1_96' title="bbox 1051 2264 1796 2311; baseline 0.001 -13"><span class='ocrx_word' id='word_1_528' title='bbox 1051 2265 1108 2299; x_wconf 88' lang='lat' dir='ltr'>bus</span> <span class='ocrx_word' id='word_1_529' title='bbox 1131 2265 1323 2311; x_wconf 81' lang='lat' dir='ltr'>recipienda,</span> <span class='ocrx_word' id='word_1_530' title='bbox 1347 2265 1398 2299; x_wconf 91' lang='lat' dir='ltr'>ubi</span> <span class='ocrx_word' id='word_1_531' title='bbox 1427 2277 1555 2299; x_wconf 87' lang='lat' dir='ltr'>necesse</span> <span class='ocrx_word' id='word_1_532' title='bbox 1581 2265 1686 2303; x_wconf 83' lang='lat' dir='ltr'>fuerit,</span> <span class='ocrx_word' id='word_1_533' title='bbox 1712 2264 1796 2300; x_wconf 83' lang='lat' dir='ltr'>sene-</span> 
     </span>
     <span class='ocr_line' id='line_1_97' title="bbox 1050 2313 1793 2361; baseline 0 -13"><span class='ocrx_word' id='word_1_534' title='bbox 1050 2322 1110 2348; x_wconf 86' lang='lat' dir='ltr'>stra</span> <span class='ocrx_word' id='word_1_535' title='bbox 1138 2313 1266 2361; x_wconf 85' lang='lat' dir='ltr'>parvula</span> <span class='ocrx_word' id='word_1_536' title='bbox 1294 2313 1346 2348; x_wconf 87' lang='lat' dir='ltr'>fiat</span> <span class='ocrx_word' id='word_1_537' title='bbox 1379 2326 1450 2348; x_wconf 90' lang='lat' dir='ltr'>cum</span> <span class='ocrx_word' id='word_1_538' title='bbox 1473 2313 1585 2348; x_wconf 87' lang='lat' dir='ltr'>ostiolo</span> <span class='ocrx_word' id='word_1_539' title='bbox 1615 2314 1654 2348; x_wconf 92' lang='lat' dir='ltr'>de</span> <span class='ocrx_word' id='word_1_540' title='bbox 1680 2313 1793 2348; x_wconf 89' lang='lat' dir='ltr'>lamina</span> 
     </span>
     <span class='ocr_line' id='line_1_98' title="bbox 1052 2362 1797 2410; baseline 0.001 -13"><span class='ocrx_word' id='word_1_541' title='bbox 1052 2363 1162 2406; x_wconf 81' lang='lat' dir='ltr'>ferrea,</span> <span class='ocrx_word' id='word_1_542' title='bbox 1190 2374 1259 2397; x_wconf 86' lang='lat' dir='ltr'>sera</span> <span class='ocrx_word' id='word_1_543' title='bbox 1280 2370 1311 2396; x_wconf 88' lang='lat' dir='ltr'>et</span> <span class='ocrx_word' id='word_1_544' title='bbox 1333 2362 1417 2396; x_wconf 87' lang='lat' dir='ltr'>clave</span> <span class='ocrx_word' id='word_1_545' title='bbox 1443 2373 1568 2408; x_wconf 85' lang='lat' dir='ltr'>semper</span> <span class='ocrx_word' id='word_1_546' title='bbox 1589 2362 1719 2403; x_wconf 84' lang='lat' dir='ltr'>firmata,</span> <span class='ocrx_word' id='word_1_547' title='bbox 1743 2375 1797 2410; x_wconf 89' lang='lat' dir='ltr'>per</span> 
     </span>
     <span class='ocr_line' id='line_1_99' title="bbox 1052 2410 1798 2459; baseline 0 -13"><span class='ocrx_word' id='word_1_548' title='bbox 1052 2424 1145 2459; x_wconf 89' lang='lat' dir='ltr'>quam</span> <span class='ocrx_word' id='word_1_549' title='bbox 1172 2411 1253 2446; x_wconf 81' lang='lat' dir='ltr'>calix</span> <span class='ocrx_word' id='word_1_550' title='bbox 1283 2412 1380 2457; x_wconf 87' lang='lat' dir='ltr'>possit</span> <span class='ocrx_word' id='word_1_551' title='bbox 1407 2410 1474 2446; x_wconf 83' lang='lat' dir='ltr'>dari</span> <span class='ocrx_word' id='word_1_552' title='bbox 1502 2423 1659 2457; x_wconf 79' lang='lat' dir='ltr'>congrue,</span> <span class='ocrx_word' id='word_1_553' title='bbox 1681 2420 1711 2446; x_wconf 88' lang='lat' dir='ltr'>et</span> <span class='ocrx_word' id='word_1_554' title='bbox 1737 2412 1798 2446; x_wconf 89' lang='lat' dir='ltr'>mi-</span> 
     </span>
     <span class='ocr_line' id='line_1_100' title="bbox 1053 2459 1797 2507; baseline 0 -12"><span class='ocrx_word' id='word_1_555' title='bbox 1053 2460 1176 2495; x_wconf 86' lang='lat' dir='ltr'>nistrari</span> <span class='ocrx_word' id='word_1_556' title='bbox 1198 2460 1356 2494; x_wconf 90' lang='lat' dir='ltr'>Dominici</span> <span class='ocrx_word' id='word_1_557' title='bbox 1379 2459 1531 2507; x_wconf 87' lang='lat' dir='ltr'>Corporis</span> <span class='ocrx_word' id='word_1_558' title='bbox 1552 2467 1797 2504; x_wconf 87' lang='lat' dir='ltr'>sacramentum,</span> 
     </span>
     <span class='ocr_line' id='line_1_101' title="bbox 1053 2509 1800 2556; baseline 0 -12"><span class='ocrx_word' id='word_1_559' title='bbox 1053 2517 1083 2544; x_wconf 91' lang='lat' dir='ltr'>et</span> <span class='ocrx_word' id='word_1_560' title='bbox 1110 2517 1230 2544; x_wconf 86' lang='lat' dir='ltr'>tantum</span> <span class='ocrx_word' id='word_1_561' title='bbox 1257 2509 1350 2543; x_wconf 86' lang='lat' dir='ltr'>distet</span> <span class='ocrx_word' id='word_1_562' title='bbox 1384 2521 1400 2543; x_wconf 87' lang='lat' dir='ltr'>a</span> <span class='ocrx_word' id='word_1_563' title='bbox 1434 2518 1526 2549; x_wconf 91' lang='lat' dir='ltr'>terra,</span> <span class='ocrx_word' id='word_1_564' title='bbox 1548 2510 1630 2556; x_wconf 91' lang='lat' dir='ltr'>quod</span> <span class='ocrx_word' id='word_1_565' title='bbox 1653 2510 1800 2544; x_wconf 88' lang='lat' dir='ltr'>sacerdos</span> 
     </span>
     <span class='ocr_line' id='line_1_102' title="bbox 1053 2557 1796 2593; baseline -0.001 0"><span class='ocrx_word' id='word_1_566' title='bbox 1053 2557 1220 2593; x_wconf 88' lang='lat' dir='ltr'>commode</span> <span class='ocrx_word' id='word_1_567' title='bbox 1248 2557 1324 2592; x_wconf 90' lang='lat' dir='ltr'>illud</span> <span class='ocrx_word' id='word_1_568' title='bbox 1360 2558 1570 2593; x_wconf 87' lang='lat' dir='ltr'>ministerium</span> <span class='ocrx_word' id='word_1_569' title='bbox 1598 2558 1670 2593; x_wconf 91' lang='lat' dir='ltr'>iude</span> <span class='ocrx_word' id='word_1_570' title='bbox 1701 2560 1796 2593; x_wconf 59' lang='lat' dir='ltr'>valeat</span> 
     </span>
     <span class='ocr_line' id='line_1_103' title="bbox 1054 2606 1799 2655; baseline 0.005 -14"><span class='ocrx_word' id='word_1_571' title='bbox 1054 2607 1213 2642; x_wconf 81' lang='lat' dir='ltr'>exhibere.</span> <span class='ocrx_word' id='word_1_572' title='bbox 1237 2606 1283 2642; x_wconf 86' lang='lat' dir='ltr'>De</span> <span class='ocrx_word' id='word_1_573' title='bbox 1312 2607 1468 2642; x_wconf 81' lang='lat' dir='ltr'>visitatore</span> <span class='ocrx_word' id='word_1_574' title='bbox 1497 2607 1590 2642; x_wconf 76' lang='lat' dir='ltr'>huius</span> <span class='ocrx_word' id='word_1_575' title='bbox 1619 2607 1799 2655; x_wconf 78' lang='lat' dir='ltr'>religionis.</span> 
     </span>
    </p>
   </div>
   <div class='ocr_carea' id='block_1_10' title="bbox 1020 1090 1032 2500">
    <p class='ocr_par' dir='ltr' id='par_1_10' title="bbox 1020 1090 1032 2500">
     <span class='ocr_line' id='line_1_104' title="bbox 1020 1090 1032 2500; baseline 0 0"><span class='ocrx_word' id='word_1_576' title='bbox 1020 1090 1032 2500; x_wconf 95' lang='lat' dir='ltr'> </span> 
     </span>
    </p>
   </div>
   <div class='ocr_carea' id='block_1_11' title="bbox 1800 247 1983 276">
    <p class='ocr_par' dir='ltr' id='par_1_11' title="bbox 1800 247 1983 276">
     <span class='ocr_line' id='line_1_105' title="bbox 1800 247 1983 276; baseline 0 -1"><span class='ocrx_word' id='word_1_577' title='bbox 1800 250 1848 275; x_wconf 80' lang='grc' dir='ltr'>Αη.</span> <span class='ocrx_word' id='word_1_578' title='bbox 1867 247 1896 276; x_wconf 86' lang='lat' dir='ltr'>C.</span> <span class='ocrx_word' id='word_1_579' title='bbox 1918 249 1983 275; x_wconf 70' lang='lat'><strong>12‘17</strong></span> 
     </span>
    </p>
   </div>
   <div class='ocr_carea' id='block_1_12' title="bbox 1049 2216 1991 2280">
    <p class='ocr_par' dir='ltr' id='par_1_12' title="bbox 1049 2216 1991 2280">
     <span class='ocr_line' id='line_1_106' title="bbox 1049 2216 1991 2280; baseline -0.003 -29"><span class='ocrx_word' id='word_1_580' title='bbox 1049 2216 1111 2251; x_wconf 92' lang='lat' dir='ltr'>Pro</span> <span class='ocrx_word' id='word_1_581' title='bbox 1141 2216 1364 2251; x_wconf 86' lang='lat' dir='ltr'>communione</span> <span class='ocrx_word' id='word_1_582' title='bbox 1393 2225 1496 2251; x_wconf 87' lang='lat' dir='ltr'>autem</span> <span class='ocrx_word' id='word_1_583' title='bbox 1525 2217 1619 2250; x_wconf 88' lang='lat' dir='ltr'>certis</span> <span class='ocrx_word' id='word_1_584' title='bbox 1644 2218 1795 2262; x_wconf 84' lang='lat' dir='ltr'>tempori-</span> <span class='ocrx_word' id='word_1_585' title='bbox 1809 2223 1849 2280; x_wconf 48' lang='lat'>„1²0⁸</span> <span class='ocrx_word' id='word_1_586' title='bbox 1861 2222 1991 2274; x_wconf 49' lang='grc' dir='ltr'>ςὲἳιῐξῐιῃιῑοῑτ</span> 
     </span>
    </p>
   </div>
   <div class='ocr_carea' id='block_1_13' title="bbox 1809 2291 1843 2305">
    <p class='ocr_par' dir='ltr' id='par_1_13' title="bbox 1809 2291 1843 2305">
     <span class='ocr_line' id='line_1_107' title="bbox 1809 2291 1843 2305; baseline -0.059 0"><span class='ocrx_word' id='word_1_587' title='bbox 1809 2291 1843 2305; x_wconf 74' lang='lat' dir='ltr'>ne.</span> 
     </span>
    </p>
   </div>
  </div>
 </body>
</html>
