2129 3223
53 257 103 285 An.
120 256 148 283 C.
170 257 234 284 tte-'t

65 686 88 706 Cr
95 687 217 708 iirlusiones

61 719 80 736 ‘t
102 718 207 738 &suculae

845 254 1061 278 COELESTtM‘s

249 313 325 349 dum
347 312 568 349 Lateranensis
592 312 715 348 concilii
745 313 876 348 formam
908 322 998 360 prae-

247 367 395 415 scriptam
423 365 553 401 idoneae
581 376 743 412 personae,
769 367 920 401 canonica
942 365 998 400 ad-

248 420 420 456 monitione
435 420 617 467 praemissa,
636 431 696 454 non
709 420 888 459 contulerit,
909 420 999 455 liceat

247 474 336 510 vobis
361 473 545 508 auctoritate
566 473 751 519 apostolica,
777 473 894 508 nullius
920 486 998 509 con-

247 528 445 568 tradictione,
457 527 504 573 vel
516 526 724 574 appellatione
741 527 895 567 obstante,
913 528 996 563 illam

245 589 353 617 eontra
379 581 523 616 eiusdem
552 580 675 615 concilii
699 588 812 615 statuta
841 581 995 616 conferre.

295 634 503 671 Decernimus
525 645 613 681 ergo,
637 640 670 668 ut
691 633 768 669 nulli
796 634 926 669 omnino
943 634 998 669 ho-

245 689 365 724 minum
380 688 473 724 liceat
496 688 664 736 praefatam
684 688 858 723 Eectesiam
878 698 996 724 temere

245 742 439 790 perturbare,
461 751 517 777 aut
535 743 602 778 eius
623 743 839 789 possessiones
861 742 995 783 auferre,

244 797 289 831 vel
317 796 435 833 ablatas
454 797 600 836 retinere,
623 796 777 837 minuere,
792 809 847 831 seu
870 796 995 844 quibus-

243 850 318 886 libet
359 851 576 885 vexationibus
614 850 761 898 fatigare,
798 851 852 886 sed
889 852 993 886 omnia

242 906 362 951 integra
383 913 611 940 conserventur
645 917 752 940 corum
783 917 838 951 pro
860 917 992 952 quorum

241 957 469 1005 gubernatione
513 972 548 994 ac
583 959 809 994 sustentatione
843 971 993 994 concessa

240 1019 314 1047 suut
341 1012 453 1048 usibus
478 1013 670 1048 omnimodis
704 1012 887 1059 profutura,
910 1013 992 1048 salva

241 1065 334 1102 Sedis
346 1066 548 1113 Apostolicae
563 1066 756 1101 auctoritate.
776 1065 809 1100 Si
826 1078 885 1112 qua
901 1067 994 1112 igitur

240 1121 272 1155 in
294 1119 434 1155 futurum
457 1119 682 1159 ecclesiastica,
704 1119 911 1154 saecularisve
927 1132 994 1167 per-

240 1185 315 1209 sona
338 1173 419 1208 hanc
447 1182 569 1209 nostrae
594 1173 831 1208 constitutionis
846 1174 990 1220 pagiuam

239 1228 356 1271 sciens,
383 1235 492 1263 contra
525 1239 593 1262 eam
622 1234 740 1261 temere
772 1227 877 1261 venire
911 1235 992 1261 tem-

240 1282 391 1328 ptaverit,
427 1280 589 1324 secundo,
625 1280 755 1315 tertiove
780 1281 991 1320 commonita,

240 1335 301 1369 nisi
331 1343 451 1370 reatum
479 1347 572 1370 suum
608 1345 745 1380 congrua
777 1333 991 1369 satisfactione

239 1389 421 1429 eorrexerit,
450 1388 628 1436 potestatis,
651 1386 844 1434 honorisque
865 1386 913 1421 sui
941 1387 990 1420 di-

238 1442 356 1489 gnitate
377 1449 492 1483 careat,
516 1445 664 1488 reamque
688 1451 721 1474 se
743 1439 851 1475 divino
874 1439 991 1475 iudicio

238 1495 374 1531 existere
405 1496 443 1530 de
480 1502 654 1541 perpetrata
679 1493 843 1540 iniquitate
870 1505 991 1540 cogno-

238 1558 319 1590 seat,
345 1558 375 1585 et
396 1562 411 1584 a
434 1548 644 1584 sacratissimo
678 1546 821 1594 Corpore
848 1555 879 1582 et
902 1546 991 1583 San-

237 1604 333 1651 guine
360 1603 429 1642 Dei,
457 1612 488 1638 et
511 1602 636 1637 Domini
661 1602 759 1636 nostri
778 1601 848 1636 Iesu
871 1601 989 1636 Christi

237 1658 336 1693 aliena
364 1656 435 1693 fiat,
475 1663 569 1702 atque
597 1656 638 1688 ‘in
679 1664 820 1689 extremo
848 1655 991 1689 examine

238 1710 362 1746 divinae
385 1710 494 1744 ultioni
528 1708 698 1743 subiaceat.
727 1706 859 1742 Cunctis
886 1716 989 1743 autem

237 1763 381 1799 eiusdem
406 1764 464 1798 loci
488 1776 542 1797 sua
568 1764 634 1797 iura
656 1770 829 1802 servantes,
854 1769 886 1796 et
907 1762 989 1809 apud

238 1823 414 1858 districtum
436 1821 576 1856 Iudicem
595 1820 733 1868 praemia
747 1828 892 1855 aeternae
906 1821 991 1868 pacis

239 1881 408 1916 inveniant.
432 1880 638 1917 Decrevimus
665 1889 752 1925 ergo,
776 1885 807 1913 ut
830 1878 908 1913 nulli
926 1891 990 1914 om-

240 1939 314 1974 niuo
341 1939 506 1974 homiuum
541 1938 634 1973 liceat
659 1936 740 1971 hanc
768 1936 911 1983 paginam
935 1950 991 1972 no-

239 2004 322 2032 strae
343 1996 560 2044 protectionis,
586 1995 854 2037 confirmationis,
881 1996 991 2044 prohi-

240 2054 388 2096 bitionis,
422 2062 515 2102 atque
551 2054 768 2089 concessionis
804 2054 989 2100 infringere.

240 2113 288 2150 vel
309 2113 337 2149 ei
360 2126 438 2149 ausu
467 2113 633 2148 temerario
660 2113 826 2148 contraire.
855 2112 889 2148 Si
920 2114 991 2160 quis

244 2171 342 2208 iutem
362 2171 429 2207 vhoc
445 2179 630 2218 attemptare
657 2172 913 2218 praesumpserit,
936 2172 991 2206 in-

240 2230 456 2278 dignationem
484 2230 712 2277 omnipotentis
742 2229 798 2264 Dei
823 2238 853 2265 et
877 2229 991 2265 beato—

242 2300 310 2323 rum
331 2286 422 2323 Petri
448 2295 479 2322 et
500 2287 589 2322 Pauli
623 2287 836 2334 apostolorum
859 2288 928 2323 eius
958 2301 991 2324 se

242 2345 361 2382 noverit
386 2346 598 2380 incursurum.

290 2401 404 2438 Datum
427 2401 546 2437 Romae
573 2401 655 2450 apud
673 2401 824 2438 Sanctum
850 2403 991 2445 Petrum,

242 2461 367 2497 decimo
393 2469 482 2497 sexto
508 2460 657 2496 kalendas
680 2461 760 2506 iulii,
792 2462 992 2510 pontificatus

243 2521 340 2555 nostri
368 2531 452 2555 auno
478 2527 600 2567 quarto.

302 2575 365 2615 Dat.
389 2576 437 2607 die
460 2578 497 2607 16
514 2577 588 2607 iunii
606 2585 682 2607 anno
703 2575 819 2607 Domini
843 2578 931 2615 1¹94,

495 2620 597 2660 pontis,
617 2630 692 2650 anno
710 2628 747 2650 tv.

1694 234 1739 267 99
1804 242 1853 268 An.
1868 238 1896 265 C.
1920 236 1985 264 ιιθίι

1088 254 1126 276 111
1155 253 1202 276 ee.

1364 306 1459 343 xvtl.

1042 385 1174 418 Castella
1200 386 1262 418 duo
1287 386 1422 418 Pult'ano
1452 392 1478 417 ee
1508 385 1591 417 Colle
1618 383 1689 416 Alto
1715 381 1789 414 Pen-

1086 436 1172 467 nenst'
1196 435 1347 467 Ecclesiae
1369 435 1407 466 ab
1441 434 1549 467 odone
1569 433 1707 477 episcopo
1740 441 1789 463 ac-

1087 484 1212 527 quisita,
1235 484 1329 517 eidem
1343 484 1563 528 confirmantur
1585 483 1640 524 (l).

1308 557 1521 591 summittit

1037 623 1204 654 Exordium.
1227 640 1265 645 -
1283 621 1408 652 Castella
1432 621 1489 651 duo
1509 621 1650 659 acquisita
1676 619 1710 649 ab
1729 620 1789 658 epi-

1077 677 1165 707 scopo
1184 666 1343 702 Pennensi,
1361 666 1387 695 ei
1407 669 1435 694 et
1452 664 1600 694 Ecclesiae
1621 672 1690 693 suac
1713 673 1786 692 con-

1078 712 1184 742 firmat.
1202 728 1240 733 ——
1265 710 1371 740 Solitae
1395 708 1555 739 clausulae.

1036 777 1205 806 coelestinus
1225 776 1368 812 episcopus
1388 782 1483 804 servus
1508 780 1646 804 servorum
1664 774 1719 807 Dei.
1744 781 1788 802 ve·

1079 825 1195 855 notabili
1213 825 1302 854 fratri
1332 824 1412 853 odoni
1432 824 1542 852 Penneu,
1574 823 1698 859 episcopo
1717 823 1787 852 salu·

1080 877 1136 904 tem
1161 876 1190 904 ot
1208 875 1389 911 apostoticam
1408 873 1630 902 benedictionem.

1084 937 1166 974 Cum
1189 950 1204 973 a
1233 938 1325 973 nobis
1353 937 1468 984 petitur
1489 936 1573 984 quod
1599 937 1715 971 iustum
1743 945 1787 971 est

1034 996 1065 1022 et
1086 988 1267 1028 honestum,
1291 995 1351 1021 tam
1374 988 1460 1034 vigor
1482 987 1666 1033 aequitatis,
1693 997 1786 1032 quam

1034 1037 1112 1072 ordo
1139 1037 1233 1082 exigit
1262 1036 1409 1072 rationis,
1442 1044 1470 1070 ut
1501 1036 1529 1068 id
1555 1047 1610 1082 per
1631 1035 1787 1069 sollicitu-

1033 1086 1139 1120 dinem
1163 1085 1255 1121 officii
1276 1086 1371 1120 nostri
1388 1085 1424 1119 ad
1441 1084 1580 1119 debitum
1598 1084 1787 1131 perducatur

1033 1135 1191 1170 effectum.

1082 1184 1268 1239 Eapropter,
1286 1183 1492 1218 venerabilis'
1489 1196 1518 1217 in
1534 1182 1661 1217 Christo
1677 1181 1783 1226 frater,
1810 1186 1837 1205 Ε
1840 1186 1900 1206 ⁶³¹2st
1942 1188 1966 1206 du

1033 1234 1095 1268 tuis
1122 1234 1212 1268 iustis
1239 1232 1387 1279 {necibus
1420 1240 1613 1270 annuentes
1641 1231 1704 1265 duo
1731 1243 1784 1264 ea·
1797 1218 1899 1274 {isquiss'w
1916 1218 1981 1268 Ἣ(

1032 1282 1133 1324 stella,
1157 1282 1300 1318 videlicet
1328 1282 1461 1317 Puliano
1483 1289 1512 1316 et
1535 1280 1688 1316 Collealto
1709 1292 1781 1314 cum
1797 1280 1862 1329 ”5¹²⁵
1861 1284 1895 1329 ΝΘΕ
1913 1282 1930 1299 ⁰
1931 1278 1980 1330 ff&

1032 1332 1180 1367 omnibus
1204 1331 1403 1378 pertinentiis
1429 1332 1505 1374 suis,
1528 1342 1609 1376 quae
1631 1339 1686 1365 tuo
1715 1338 1914 1364 stu-coufirmat

1031 1381 1083 1416 dio
1114 1390 1143 1415 et
1173 1381 1335 1428 diligentia
1359 1380 1500 1414 Pennen.
1542 1380 1703 1414 Ecclesiae
1729 1390 1784 1414 ac—

1031 1431 1200 1485 quisivisti,
1227 1431 1272 1466 sio
1305 1443 1339 1465 ea
1371 1430 1470 1470 iuste,
1497 1437 1528 1464 et
1554 1429 1622 1463 sine
1650 1435 1785 1463 coutro-

1033 1480 1132 1514 versia
1148 1480 1300 1535 possides,
1321 1488 1352 1514 et
1372 1479 1439 1523 tibi,
1462 1486 1491 1514 et
1508 1490 1563 1526 per
1580 1486 1609 1512 te
1625 1477 1785 1512 Ecclesiae

1033 1536 1103 1564 tuae
1126 1530 1309 1565 auctoritate
1335 1529 1506 1576 apostolica
1539 1527 1784 1583 confirmamus,

1031 1587 1061 1612 et
1084 1580 1258 1626 praesentis
1291 1578 1400 1625 scripti
1429 1577 1604 1625 patrocinio
1638 1588 1785 1611 commu-

1031 1628 1147 1663 nimus.
1199 1628 1285 1663 Nulli
1324 1640 1399 1675 ergo
1445 1627 1575 1662 omnino
1617 1625 1782 1661 homiuum

1032 1677 1123 1712 liceat
1144 1686 1196 1712 etc.

1079 1726 1194 1761 Datum
1224 1726 1389 1766 Laterani,
1414 1728 1436 1760 2
1464 1724 1615 1760 kalendas
1641 1724 1782 1770 augusti,

1033 1776 1235 1824 pontificatus
1256 1776 1354 1810 nostri
1377 1787 1461 1810 anno
1487 1774 1608 1821 quinto.

1096 1832 1157 1864 Dat.
1180 1833 1226 1863 die
1249 1832 1282 1863 at
1310 1832 1375 1863 iulii
1397 1842 1474 1862 anno
1496 1830 1613 1861 Domini
1633 1830 1718 1867 1194,

1283 1876 1385 1916 pontif.
1408 1886 1484 1906 anno
1502 1883 1527 1905 v.

1352 2032 1465 2069 XVIII.

1032 2112 1235 2147 Eboracensis
1261 2110 1516 2154 archiepiscopus,
1531 2115 1657 2153 propter
1679 2115 1780 2141 contn-

1079 2162 1212 2196 maciam
1234 2162 1267 2193 in
1287 2160 1464 2196 sceleribus„
1495 2169 1653 2213 suspensus
1685 2157 1783 2190 decla-

1079 2219 1176 2245 ratur
1192 2211 1231 2244 ab
1270 2210 1371 2254 officio
1417 2219 1550 2241 muneris
1589 2206 1782 2250 archiepisco-

1077 2260 1172 2306 palis,
1190 2270 1275 2293 cutus
1314 2258 1545 2292 αᾶιιιτἫηιεεναιιο
1583 2257 1696 2289 decano
1734 2266 1783 2288 ca-

1081 2310 1226 2344 thedralts
1240 2309 1322 2342 zllius
1346 2306 1496 2340 Ecclesiae
1508 2305 1712 2338 demandatur
1723 2304 1780 2346 (2).

1300 2377 1514 2409 smntARtmt

1032 2442 1198 2473 Exordium.
1210 2456 1249 2464 —
1264 2438 1458 2470 Eboracensis
1471 2437 1712 2476 archiepiscopus
1731 2447 1781 2466 su-

1073 2495 1210 2525 spensus.
1225 2502 1264 2508 -
1281 2484 1392 2515 Simoni
1407 2482 1585 2513 Eboracensi
1603 2482 1713 2511 decano
1729 2481 1782 2512 ad-

1068 2544 1107 2579 (1)
1123 2543 1211 2571 Edidit
1227 2542 1343 2578 Ughell„
1371 2540 1426 2568 Ital.
1453 2540 1525 2572 Sam,
1552 2542 1617 2567 torn.
1638 2546 1657 2572 1,
1678 2538 1722 2565 ubi
1748 2539 1782 2566 de

1033 2585 1213 2613 Pennensibus
1228 2583 1369 2619 episcopis.
1409 2580 1447 2616 (Ξ)
1465 2580 1503 2607 Ex
1519 2579 1780 2612 Concil.,tom.x1n‚

1032 2629 1059 2653 et
1073 2625 1194 2653 Baronio.
