2129 3223
4 211 9 279 Ἀ
51 232 101 259 ιιι.
119 229 146 256 c.
161 209 234 256 'iasa

53 285 235 344 xro-ffigqffi.
249 283 332 318 modi
360 283 573 331 depositiones
595 283 732 324 testium,
754 292 783 318 et
804 283 842 318 ad
871 283 987 319 facien-

0 333 22 371 Ἢ
52 346 224 369 eon-ernendae:
247 333 322 367 dum
345 345 459 373 omnia,
481 345 560 379 quae
579 333 609 367 in
632 333 799 368 commisso
822 333 907 368 vobis
939 333 987 368 of·

247 381 327 421 ficio,
349 382 386 417 ad
409 382 560 417 scriniarii
583 393 638 417 seu
654 382 829 417 tabellionis
849 382 984 417 officium

246 432 411 478 pertinent,
439 433 537 466 teneri
576 431 713 466 districte
752 433 984 479 praecipimus,

245 492 315 515 cum
339 493 394 528 per
428 493 481 516 vos
515 493 569 516 seu
600 481 765 528 deputatos
799 481 834 516 ad
875 482 933 516 boc
969 494 983 516 a

246 529 331 565 vobis
359 530 497 577 requisiti
521 530 646 574 fuerint,
668 542 778 565 omnes
803 539 833 565 et
868 532 984 577 singu-

243 578 290 614 los
312 580 403 615 vestri
431 580 548 615 ordinis
565 579 685 624 fratres,
712 580 764 627 qui
788 580 863 614 dum
879 588 983 615 essent

242 628 273 663 in
295 628 433 673 saeculo,
455 629 634 664 huiusmodi
672 629 889 664 tabellionatus
915 630 983 664 offi-

241 678 323 713 cium
350 678 497 714 habuisse
518 687 549 713 et
578 679 758 714 exercuisse
791 688 981 723 noscuntur,

185 752 187 754 -
240 735 270 762 et
290 727 360 762 illos
380 728 486 768 etiam,
507 727 622 775 quibus
649 728 730 763 idem
766 727 982 763 tabellionatus

240 775 389 821 officium,
422 777 540 812 ratione
575 776 699 824 praefati
745 777 860 823 negotii
896 777 981 819 fidei,

240 825 297 861 fuit
329 838 346 861 a
368 825 449 862 dieta
475 825 559 861 Sede
580 826 783 861 commissum
807 834 836 861 et
869 826 899 861 in
923 839 981 874 po-

237 883 357 910 sterum
380 883 602 910 committetur.

9 956 13 970 ,
286 927 302 969 §
327 926 360 959 8.
383 924 602 960 Concedentes
623 924 801 959 huiusmodi
824 924 980 969 fratribus,

10 987 16 990 ⁴
57 980 95 1007 Qui
109 981 171 1001 uuam
187 986 224 1002 re·
239 985 360 1009 necnon
383 982 413 1009 et
433 973 502 1009 aliis
528 973 680 1020 religiosis
702 973 904 1021 quibuslibet,
925 977 978 1021 qui

43 1010 225 1070 {sicil-‘3⁸:235
237 1023 382 1059 similiter
403 1023 478 1058 dum
500 1031 605 1058 essent
627 1023 655 1057 in
689 1023 825 1065 saeculo,
861 1023 978 1058 dictum

42 1073 84 1094 ‘¹¹²‘
237 1072 455 1108 tabellionatus
477 1072 615 1108 officium
639 1072 816 1108 babuerunt
841 1081 871 1107 et
892 1085 980 1108 exer-

235 1131 377 1158 cuerunt:
400 1122 653 1170 quibuscumque
673 1122 764 1157 etiam
780 1122 900 1157 clericis
915 1135 981 1158 sae-

235 1171 418 1213 cularibus,
449 1172 586 1207 officium
625 1171 727 1218 ipsum
762 1171 951 1207 habentibus
970 1200 978 1213 ,

234 1221 354 1256 etiamsi
389 1221 470 1257 idem
505 1221 616 1256 fratres
641 1220 774 1267 religiosi
808 1228 838 1255 et
874 1221 976 1256 cleriei

234 1271 298 1305 sint
324 1271 354 1305 in
380 1271 476 1305 sacris
501 1270 664 1305 ordinibus
689 1269 861 1310 constituti,
889 1282 978 1305 exer-

234 1319 324 1355 cendi
350 1319 447 1355 libere
468 1319 604 1355 officium
627 1320 741 1365 ipsum,
755 1319 856 1366 quoad
893 1332 978 1366 prae-

234 1369 340 1415 missa,
362 1382 424 1405 non
451 1369 593 1404 obstante
611 1369 714 1415 aliquo
740 1368 895 1403 contrario
921 1378 980 1404 sta-

233 1426 327 1461 stuto,
354 1420 482 1454 canonis
521 1418 566 1453 vel
606 1418 736 1455 ordinis.
777 1429 977 1466 quocumque

235 1467 344 1503 vallato
361 1467 548 1508 munimine,
570 1466 739 1514 plenariam
768 1466 955 1502 facultatem.

13 1550 15 1553 .
281 1520 355 1560 §9-
378 1516 471 1559 Quod
492 1517 517 1552 si
549 1516 691 1557 testibus,
726 1528 806 1563 quos
839 1528 856 1550 a
889 1517 976 1552 vobis

51 1570 142 1595 renium
151 1574 220 1595 nomi·
232 1567 342 1614 recipi,
369 1567 415 1601 vel
433 1566 472 1601 ab
486 1566 545 1601 alio
565 1566 631 1601 vice
643 1574 740 1600 vestra
755 1577 850 1612 super
865 1566 974 1601 eodem

38 1608 66 1625 ⁸⁸
85 1609 128 1626 ¹⁰¹¹
149 1604 220 1632 ‘⁹⁵¹¹‘
232 1615 362 1651 crimine
379 1615 550 1651 examinari
573 1616 748 1662 contigerit,
766 1627 804 1649 ex
833 1615 975 1662 publica—

232 1665 317 1700 tione
338 1666 503 1701 nominum
531 1665 726 1709 eorumdem,
753 1665 891 1700 videritis
920 1677 976 1711 pe-

232 1714 365 1750 riculum
388 1715 564 1756 imminere,
586 1715 726 1761 ipsorum
755 1713 880 1749 nomina
911 1726 972 1749 non

231 1763 370 1811 publice,
386 1764 439 1799 sed
457 1771 587 1807 secrete,
603 1775 707 1798 coram
729 1762 887 1810 aliquibus
904 1775 975 1810 per-

230 1812 317 1848 sonis
339 1812 477 1860 providis
511 1821 542 1847 et
573 1809 723 1853 honestis,
754 1812 907 1858 religiosis
945 1821 974 1847 et

230 1861 299 1897 aliis
319 1862 357 1898 ad
386 1862 444 1897 boc
467 1862 592 1902 vocatis,
620 1861 658 1897 de
681 1874 814 1909 quorum
844 1861 974 1897 consilio

230 1911 269 1947 ad
291 1912 477 1947 sententiam
500 1911 548 1946 vel
574 1911 867 1946 condemnationem
901 1923 975 1958 pro-

230 1960 300 1996 cedi
325 1960 479 1999 volumus,
512 1961 739 2008 exprimantur3
777 1969 807 1995 et
838 1961 883 1996 sic
911 1972 972 1995 non

230 2009 374 2046 obstante
394 2009 479 2058 quod
501 2009 572 2051 illis,
610 2018 717 2045 contra
750 2022 830 2057 quos
864 2009 974 2044 buius-

230 2060 316 2096 modi
340 2068 436 2095 testes
456 2059 681 2106 deposuerint,
708 2071 815 2095 eorum
847 2060 972 2094 nomina

230 2121 293 2145 non
315 2109 430 2145 fuerint
457 2109 623 2156 publicata,
644 2109 680 2142 ad
703 2109 911 2155 cognitionem
930 2109 975 2143 in-

230 2159 312 2194 dicis
330 2158 558 2198 instruendam,
585 2157 770 2193 adhibeatur
792 2160 881 2206 plena
897 2158 973 2192 fides

231 2209 360 2244 testium
387 2207 634 2254 depositionibus
650 2207 843 2242 eorumdem.

279 2262 295 2302 ἓ
324 2260 380 2293 to.
409 2257 449 2292 Ut
470 2269 544 2304 ergo
566 2256 727 2291 commissi
759 2257 847 2292 vobis
882 2256 973 2291 officii

15 2310 83 2363 ’.Μ
105 2311 220 2347 τοῦῑῡῑέῡ-
231 2307 372 2343 debitum
395 2307 502 2342 utilius
535 2314 565 2340 et
591 2305 718 2340 liberius
751 2307 972 2354 exequamini,

39 2342 219 2401 erik-krssniliiliissi
232 2357 446 2393 committendi
473 2356 633 2391 citationes
653 2356 790 2400 testium,
815 2357 974 2391 examina-

39 2402 182 2431 ¹¹'¹'''¹¹⁰¹‘³’
231 2409 344 2452 tiones,
366 2419 435 2442 cum
445 2407 484 2441 de
494 2405 671 2440 huiusmodi
686 2406 814 2440 crimine
827 2418 862 2440 ac
877 2406 974 2453 ipsius

232 2456 473 2492 circumstantiis
499 2454 647 2490 duxeritis
670 2454 888 2501 inquirendum
903 2484 910 2495 ‚
946 2465 972 2490 et

38 1635 111 1656 endu.

232 2506 491 2541 denunciationes
504 2504 726 2540 sententiarum
734 2504 867 2551 ,quasin
883 2517 975 2552 quos-

232 2556 309 2590 libet
335 2555 391 2590 bac
423 2554 462 2590 de
482 2566 575 2590 causa
613 2553 757 2594 tuleritis3
795 2555 972 2588 accersendi

232 2616 370 2652 quoque,
397 2613 487 2651 prout
518 2603 701 2650 expedierit,
727 2603 842 2650 peritos
862 2603 975 2638 ouosli-

310 2661 386 2693 Bau.
404 2660 481 2691 Rom.
508 2659 554 2690 Vol
584 2660 633 2690 111.
796 2660 832 2689 εἴ

881 229 1023 252 URBANUS
1044 230 1077 252 lv
1104 229 1153 252 Pe.

1648 219 1718 254 689

1028 283 1089 328 bet,
1119 293 1151 319 ut
1174 284 1259 320 robis
1287 285 1315 319 in
1344 284 1478 320 ferendis
1499 285 1660 320 huiusmdi
1693 297 1769 321 sen-

1030 334 1134 368 tentiis
1162 333 1329 381 praebeant
1354 335 1518 370 consilium
1553 343 1767 383 opportunum

1026 394 1061 417 ac
1087 382 1175 418 vobis
1196 384 1352 425 assistant,
1373 384 1563 419 convocandi
1588 385 1679 420 etiam
1701 385 1767 421 cle-

1027 444 1092 467 rum
1119 441 1149 468 et
1188 433 1340 480 populum
1383 434 1554 477 civitatum,
1581 443 1766 480 castrorum,

1025 482 1217 529 aliorumque
1239 483 1390 523 locorum,
1418 492 1508 530 prout
1534 484 1618 520 dicto
1640 484 1766 531 negotio

1025 530 1096 566 fidei
1120 532 1258 567 videritis
1281 532 1449 580 expedire:

1071 584 1086 624 ἕ
1110 583 1165 615 11.
1188 581 1330 629 Insuper,
1365 582 1395 616 in
1435 583 1517 617 dicto
1549 583 1684 629 negotio,
1726 583 1765 618 de
1791 594 1962 621 tnriegooioiu-

1025 629 1127 676 plano,
1148 631 1266 678 absque
1286 631 1475 666 iudiciorum
1494 640 1524 666 et
1546 633 1762 667 advocatorum
1778 626 1962 683 ffiffssmmss‘ss‘ssj

1023 680 1166 726 strepitu,
1192 693 1228 715 ac
1250 689 1356 716 contra
1380 681 1459 720 illos,
1486 694 1565 728 quos
1601 682 1631 716 in
1673 694 1764 729 prae·
1779 687 1875 708 “udm-

1022 728 1113 764 dictis
1137 729 1325 765 Lombardia
1351 739 1381 765 et
1401 730 1537 765 Marcbia
1560 730 1703 765 Ianuensi
1732 733 1762 766 in

1023 777 1185 814 haereseos
1206 780 1338 815 crimine
1360 779 1556 815 commisisse
1577 782 1763 821 constiterit,

1021 826 1093 863 licet
1112 828 1150 863 ad
1173 828 1249 864 alias
1276 838 1378 876 partes
1400 841 1433 864 se
1455 828 1686 865 transferendos
1710 830 1765 865 du—

1021 877 1132 921 xerint,
1156 878 1363 925 procedendi:

1068 930 1083 970 ἓ
1108 929 1162 961 12.
1184 927 1325 972 Necnon,
1358 926 1489 962 faciendi
1523 928 1679 964 observari
1713 929 1763 963 in-
1790 939 1855 968 Leges
1885 946 1959 962 eoum

1021 975 1204 1011 violabiliter
1230 990 1341 1012 omnes
1363 977 1602 1013 constitutiones
1636 987 1762 1025 aposto-
1776 972 1957 1024 fjfffiffssj¹⁸¹⁸⁹

1021 1024 1096 1059 licas
1121 1035 1151 1061 et
1183 1027 1268 1073 leges
1300 1026 1476 1071 imperiales
1511 1039 1566 1074 per
1602 1028 1761 1074 quondam

1019 1073 1206 1110 Federicum
1237 1075 1312 1111 olim
1344 1075 1557 1110 Romanorum
1593 1076 1762 1123 imperato-

1021 1136 1097 1165 rem,
1121 1132 1192 1159 tune
1215 1125 1245 1160 in
1268 1125 1433 1160 devotione
1455 1124 1615 1161 Romanae
1652 1125 1763 1162 Eccle-

1019 1173 1082 1208 siae
1104 1175 1332 1217 persistentem,
1345 1174 1469 1210 Paduae
1489 1176 1700 1222 promulgatas
1713 1176 1764 1211 ad-

1021 1234 1127 1258 versus
1149 1223 1325 1259 huiusmodi
1347 1233 1465 1271 pestem
1493 1225 1666 1261 baereticae
1691 1238 1763 1273 pra-

1020 1272 1130 1308 vitatis:
1153 1273 1282 1308 Necnon
1304 1273 1472 1319 elargiendi
1492 1274 1601 1320 viginti
1629 1275 1674 1310 vel
1689 1287 1764 1322 qua-

1018 1321 1157 1368 draginta
1180 1323 1301 1358 dierum
1318 1323 1596 1370 indulgentiarum,
1618 1326 1763 1371 quotiens

1019 1381 1230 1418 opportunum
1254 1372 1405 1416 videritis,
1427 1372 1576 1408 omnibus
1599 1386 1670 1409 vere
1692 1386 1764 1421 poe-

1019 1421 1189 1456 nitentibus
1216 1430 1246 1457 et
1282 1421 1443 1467 confessis,
1478 1422 1530 1469 qui
1557 1422 1594 1457 ad
1629 1431 1762 1458 vestram

1017 1471 1272 1506 convocationem
1301 1479 1428 1519 propter
1460 1470 1520 1506 boc
1561 1471 1762 1516 faciendam,

1016 1521 1214 1561 accesserint,
1243 1521 1331 1567 plena
1365 1522 1404 1555 sit
1436 1520 1523 1555 vobis
1556 1530 1608 1568 et,
1629 1523 1762 1569 singulis

1018 1577 1153 1604 vestrum
1178 1571 1385 1617 praesentium
1410 1579 1515 1605 tenore
1538 1569 1677 1606 facultas.

1063 1623 1079 1662 g
1113 1622 1166 1653 15.
1207 1619 1303 1654 Vobis
1341 1627 1443 1654 autem
1484 1632 1539 1666 pro
1580 1621 1758 1655 huiusmodi
1793 1628 1940 1666 mdo-lemnae,

1017 1669 1140 1714 negotio
1175 1668 1401 1708 laborantibus,
1437 1669 1519 1703 illam
1560 1666 1956 1716 peccatorumss'ffffisssissssffi]

1017 1718 1136 1752 veniam
1160 1718 1372 1765 indulgemus,
1395 1730 1476 1765 quae
1502 1720 1759 1755 succurrentibus
1773 1723 1869 1758 Remum·
1880 1728 1955 1748 ΜΨ

1014 1766 1129 1801 Terrae
1155 1767 1290 1802 Sanctae
1317 1769 1347 1801 in
1382 1768 1518 1814 generali
1546 1769 1679 1804 concilio
1712 1758 1833 1805 est⁵¹¹²⁰'

1015 1827 1174 1856 concessa,
1196 1817 1290 1851 sociis
1305 1829 1376 1852 vero
1398 1817 1489 1852 vestri
1513 1818 1633 1853 ordinis
1655 1826 1686 1854 et
1707 1831 1759 1855 no-

1015 1866 1099 1900 tariis
1127 1867 1248 1906 vestris,
1276 1867 1326 1913 qui
1356 1879 1414 1901 una
1438 1866 1600 1902 vobiscum
1627 1868 1658 1902 in
1687 1880 1759 1915 pro—

1015 1915 1176 1950 secutione
1203 1915 1383 1950 huiusmodi
1416 1917 1531 1962 negotii
1562 1916 1758 1959 laborabunt,

1015 1973 1044 1999 et
1065 1964 1223 2005 omnibus,
1245 1966 1299 2012 qui
1328 1966 1532 2012 personaliter
1563 1967 1649 2002 vobis
1681 1967 1759 2002 asti-

1783 230 1830 256 An.
1846 229 1873 257 C.
1897 230 1964 257 ¹262

1015 2015 1106 2048 terint
1134 2014 1163 2048 in
1186 2015 1296 2049 eodem
1322 2016 1444 2061 negotio
1461 2043 1468 2055 ,
1491 2024 1521 2049 et
1545 2017 1597 2063 qui
1628 2016 1664 2051 ad
1698 2018 1757 2051 im-

1015 2064 1215 2111 pugnandum
1239 2064 1420 2109 haereticos,
1442 2064 1589 2105 fautores,
1622 2076 1757 2113 recepta-

1015 2122 1096 2148 tores
1135 2121 1166 2148 et
1204 2113 1385 2149 defensores
1425 2126 1558 2155 eorum,
1595 2115 1684 2149 vobis
1719 2127 1756 2149 ex

1013 2164 1118 2197 animo
1141 2165 1348 2209 praestiterint
1380 2165 1568 2205 consilium,
1606 2164 1754 2198 auxilinm

1015 2212 1060 2246 vel
1083 2211 1229 2256 favorem,
1252 2214 1289 2246 de
1312 2213 1536 2258 omnipotentis
1555 2213 1609 2247 Dei
1633 2214 1756 2248 miseri-

1014 2262 1115 2296 cordia
1139 2270 1169 2296 et
1198 2262 1356 2296 beatorum
1380 2262 1461 2296 Petri
1496 2271 1525 2296 et
1558 2262 1643 2296 Pauli
1678 2274 1756 2309 apo-

1014 2311 1162 2345 stolorum
1185 2312 1254 2345 eius
1273 2312 1452 2345 auctoritate
1474 2312 1594 2354 confisi,
1617 2320 1678 2346 tres
1699 2325 1756 2346 an-

1015 2372 1070 2395 nos
1093 2360 1131 2394 de
1154 2360 1300 2395 iniunctis
1321 2360 1379 2395 sibi
1405 2362 1604 2407 poenitentiis
1636 2361 1756 2396 relaxa-

1016 2422 1095 2444 mus.
1119 2409 1157 2443 Et
1180 2411 1203 2444 si
1226 2411 1277 2456 qni
1317 2423 1353 2444 ex
1387 2410 1435 2444 liis
1470 2410 1498 2444 in
1537 2411 1754 2457 prosecutione

1015 2459 1191 2493 huiusmodi
1219 2460 1333 2505 negotii
1367 2458 1443 2494 forte
1474 2461 1677 2500 decesserint,
1709 2461 1755 2495 eis

1016 2517 1213 2555 peccatorum
1241 2511 1381 2543 omnium
1399 2536 1407 2548 ,
1434 2508 1472 2542 de
1506 2508 1621 2555 quibus
1660 2510 1755 2544 corde

1014 2559 1138 2593 contriti
1162 2567 1191 2592 et
1217 2570 1270 2592 ore
1296 2558 1430 2592 confessi
1468 2558 1593 2601 fuerint,
1629 2558 1754 2605 plenam

1014 2608 1134 2643 veniam
1165 2608 1373 2655 indulgemus.
