2129 3223
24 247 72 274 An.
94 246 121 274 C.
137 248 203 274 ¹¹99

216 300 409 337 camSedem
431 299 646 341 accessissent,
673 298 772 334 bonae
796 299 965 335 memoriae

217 349 374 384 Adrianus
396 348 491 396 Papa,
505 349 607 383 eidem
622 347 806 384 Festiniano
828 348 963 396 palleum

215 410 286 434 cum
330 398 491 446 privilegio
531 398 724 440 ‹lestinavit3
764 398 848 445 quod
894 411 965 446 pars

215 447 326 482 Dolen.
354 447 514 482 Ecclesiae
550 460 604 494 per
642 447 794 494 scriptum
828 448 965 482 authen—

216 497 312 532 ticum
353 509 414 532 non
463 496 613 544 probavit.
667 496 830 532 Praeterea
879 497 963 544 quod

214 546 412 593 temporibus
435 545 561 582 loannis
583 545 653 580 Vlll
676 545 836 581 Ecclesiae
850 546 962 581 Dolen.

213 596 470 643 archiepiscopus
492 596 692 641 praesideret,
716 596 785 630 nixa
809 605 856 629 est
894 608 964 643 pars

213 644 322 680 eadem
345 645 551 692 comprobare
575 657 630 692 per
652 645 769 680 litteras
787 645 865 684 eius,
885 658 964 692 quas

215 693 317 742 Mayn.
340 694 579 741 archiepiscopo
594 694 772 739 destinavit,
791 703 821 729 et
833 695 964 730 caeteris

214 744 376 792 episcopis
423 756 477 791 per
529 743 722 778 Britanniam
771 744 962 779 constitutis.

214 791 383 828 Caeterum
422 805 493 828 cum
531 793 659 840 quidam
704 794 826 828 iuvenis
865 793 963 828 felicis

216 842 438 878 recordationis
463 842 617 889 Gregorio
645 842 699 876 Vll
729 842 962 877 consecrandus

216 890 324 927 fuisset
357 904 373 926 a
408 891 519 926 Dolen.
560 891 699 927 Ecclesia
734 900 961 938 praesentatus,

215 941 283 988 ipse
309 941 420 976 iuvene
443 940 495 976 illo
517 950 646 988 propter
660 942 812 976 minorem
829 949 960 976 aetatem

214 990 352 1037 repulso,
373 989 397 1024 l.
421 990 501 1026 tituli
524 989 559 1025 S.
581 990 708 1025 Melanii
744 990 889 1025 abbatem
931 991 960 1025 in

213 1039 325 1074 Dolen.
364 1040 635 1088 archiepiscopum
674 1040 878 1075 consecravit:
917 1041 959 1080 ei,

212 1097 242 1124 et
263 1088 499 1124 successoribus
520 1090 586 1124 eius
613 1089 703 1136 pallei
727 1102 818 1124 usum
854 1089 960 1123 indul-

211 1149 301 1184 gens,
332 1147 361 1173 et
393 1138 545 1173 mandans
579 1139 735 1186 episcopis
770 1138 960 1177 Britanniae,

214 1196 247 1222 ut
267 1189 295 1223 ei
324 1197 470 1235 tanquam
494 1187 733 1234 archiepiscopo
757 1189 960 1223 reverentiam

213 1245 242 1272 et
271 1237 481 1272 obedientiam
513 1236 708 1271 exhiberent.
752 1236 841 1279 Quae
880 1250 961 1284 quo-

213 1288 297 1321 niam
320 1286 537 1321 authenticum
565 1298 626 1320 non
650 1286 794 1331 hahebat,
818 1298 873 1333 per
899 1286 960 1322 Ur-

214 1336 284 1371 bani
318 1335 345 1370 11
393 1336 510 1370 litteras
543 1336 640 1370 voluit
681 1335 824 1370 edocere:
862 1336 960 1371 felicis

211 1385 303 1421 etiam
328 1385 556 1419 recordationis
577 1384 724 1419 Urbanus
746 1383 773 1418 ll
793 1384 830 1419 R.
848 1385 958 1420 Dolen.

210 1434 458 1482 archiepiscopo,
482 1435 654 1469 iuramento
670 1434 708 1468 ab
728 1434 796 1480 ipso
818 1444 959 1483 recepto,

210 1483 296 1531 quod
319 1491 509 1518 memoratus
531 1482 570 1518 G.
596 1483 819 1531 praedecessor
860 1485 959 1531 ipsius

213 1533 444 1580 praedecessori
472 1533 612 1567 eiusdem
644 1532 682 1567 R.
724 1541 754 1567 et
793 1546 959 1569 successo-

213 1582 300 1618 ribus
333 1583 402 1617 eius
452 1594 541 1617 usum
592 1582 681 1628 pallei
732 1583 959 1622 concessisset,

212 1632 292 1667 sicut
318 1633 350 1667 in
377 1632 562 1679 transcripto
585 1632 755 1666 litterarum
790 1632 888 1679 ipsius
919 1633 957 1667 G.

212 1693 346 1729 quarum
373 1682 585 1716 authenticum
617 1693 650 1715 se
688 1681 802 1715 habere
838 1682 958 1722 iuravit,

212 1738 278 1766 erat
298 1743 494 1778 expressum,
511 1743 627 1765 munus
650 1731 740 1777 pallei
763 1743 798 1765 ex
822 1731 959 1779 Aposto-

213 1781 291 1816 licae
312 1780 406 1815 Sedis
443 1780 629 1815 liberalitate
663 1781 826 1814 concessit.
868 1780 957 1815 Licet

214 1830 271 1878 ipsi
293 1829 485 1869 mandasset,
513 1837 547 1863 ut
569 1828 716 1863 exhihere
734 1841 768 1863 se
783 1829 960 1864 nullatenus

215 1886 373 1914 recusaret
390 1879 427 1913 ad
450 1878 679 1912 discutiendam
714 1879 958 1925 querimoniam,

214 1940 309 1976 quam
334 1927 494 1962 Turonen.
535 1927 790 1975 archiepiscopus
816 1928 856 1962 de
882 1928 959 1963 sub-

215 1977 347 2013 iectione
379 1976 491 2011 Dolen.
519 1976 691 2018 Ecclesiae,
719 1985 749 2011 et
781 1977 959 2012 obedientia
978 1986 982 2015 ξ
1003 1981 1092 2028 pallei
1117 1994 1178 2017 non
1201 1983 1369 2027 amitteret,
1392 1996 1448 2018 nec
1470 1983 1534 2025 alii,
1557 1996 1651 2032 quam
1684 1983 1749 2019 Ro-

214 2027 274 2062 sibi
312 2034 434 2073 negata,
480 2033 542 2060 tam
584 2026 666 2073 apud
699 2026 824 2073 ipsum,
866 2039 958 2074 quam

216 2075 473 2123 praedecessores
487 2075 554 2110 eius
571 2076 683 2110 fecerat
705 2088 798 2123 saepe
814 2077 958 2123 proponi,

217 2126 299 2160 idem
319 2125 413 2160 etiam
436 2136 509 2159 eum
545 2125 573 2158 in
612 2124 723 2159 litteris
760 2137 839 2172 quas
873 2126 960 2172 prin-

215 2174 351 2223 cipibus,
378 2183 407 2209 et
435 2174 550 2221 populo
573 2173 683 2208 Dolen.
712 2173 872 2209 Ecclesiae
903 2174 960 2209 de-

215 2223 351 2266 stinavit,
374 2236 430 2269 pro
462 2223 589 2257 iustitiis
623 2222 763 2258 eiusdem
801 2224 960 2259 Ecclesiae

215 2273 305 2308 duxit
322 2273 593 2320 archiepiscopum
618 2272 857 2315 nominandum,
879 2274 960 2309 sicut

216 2335 272 2371 per
305 2322 458 2370 scriptum
493 2321 709 2356 authenticum
746 2334 815 2368 pars
850 2322 958 2358 eadem

24 2365 203 2425 effigghssffi'ffcss
216 2372 451 2407 demonstravit.
505 2371 576 2405 Piae
622 2383 748 2417 quoque
789 2372 961 2406 raemoriae

24 2429 106 2481 {ue-:lxm
133 2430 204 2451 indul-
219 2421 377 2457 paschalis
411 2420 436 2455 ll
484 2420 630 2455 Baldrico
667 2419 777 2454 Dolen.
805 2422 961 2469 archiepi-

217 2531 314 2568 scopo
340 2519 523 2555 auctoritate
549 2518 640 2554 Sedis
675 2519 872 2565 [apostoticae
913 2522 962 2554 in·

217 2569 338 2613 stituto,
374 2568 535 2616 palleum,
573 2568 798 2615 plenitudinem
842 2569 961 2604 scilicet

218 2617 309 2653 officii
328 2617 489 2666 pastoralis
511 2616 647 2653 indul-sit.
674 2629 705 2651 nt
732 2628 768 2651 eo
787 2618 961 2652 secundum

298 2673 362 2704 Ball
392 2673 467 2703 Rom.
489 2673 543 2703 Vol*
567 2673 605 2703 HI
810 2674 844 2704 19

820 245 1029 268 lNNOtJEW‘ith
1053 249 1085 267 Ιιι
1112 246 1157 267 ΙΨΑ

1638 237 1701 266 14Ῐὶ

1005 299 1263 334 cousuetudinem
1304 302 1580 347 praedecessorum
1624 314 1751 336 suorum

1007 356 1156 383 uteretur.
1182 347 1343 383 Praeterea
1386 350 1415 384 in
1450 350 1571 398 synodo
1604 363 1619 386 a
1653 351 1752 386 bonae

1007 398 1174 432 memoriae
1197 397 1319 433 Calixto
1344 399 1424 446 Papa
1447 400 1600 436 celebrata
1630 400 1751 438 Remis,

1006 446 1041 481 R.
1078 447 1191 482 Dolen.
1223 448 1479 496 archiepiscopus
1517 463 1588 486 cum
1627 451 1752 486 duobus

1005 496 1213 543 suffraganeis
1251 499 1317 532 suis
1351 498 1528 534 interfuisse
1563 500 1688 546 legitur,
1722 511 1751 535 et

1005 546 1042 581 ad
1066 547 1165 593 ipsam
1193 547 1279 593 prius
1317 556 1461 594 tanquam
1493 550 1752 597 archiepiscopus

1005 604 1164 630 evocatus.
1195 596 1353 631 Honorius
1375 599 1503 644 insuper
1521 611 1593 634 cum
1627 599 1752 646 praedi—

1005 653 1089 679 ctum
1118 645 1156 679 G.
1198 654 1271 680 tunc
1311 646 1529 692 Engolisnien.
1566 649 1749 696 episcopum

1006 702 1151 741 tanquam
1176 694 1311 741 legatum
1346 709 1450 737 suum,
1489 705 1520 731 et
1552 698 1751 744 Apostolicae

1005 743 1098 778 Sedis
1121 745 1267 779 vicarium
1292 745 1476 787 destinaret,
1497 747 1574 781 inter
1601 747 1678 782 alios
1700 747 1751 782 le-

1004 793 1087 838 gitur
1111 794 1146 828 B.
1172 794 1411 842 archiepiscopo
1434 795 1547 830 Dolen,
1576 797 1752 844 scripsisse,

1006 850 1038 876 ut
1060 854 1132 877 eum
1178 853 1357 879 reverenter
1397 845 1582 892 susciperet,
1626 854 1656 880 et
1691 846 1750 894 ipsi

1005 891 1167 927 humiliter
1189 892 1340 928 obediret:
1364 895 1418 940 qui
1441 895 1534 929 etiam
1554 894 1590 929 B.
1619 903 1753 942 quatuor

1004 941 1216 988 suffraganeos
1259 943 1404 978 habuisse
1427 944 1585 990 probatur.
1611 945 1657 979 Ad
1677 945 1751 980 haec

1005 990 1103 1025 felicis
1127 993 1295 1027 memoriae
1324 992 1527 1028 Innocentius
1554 993 1637 1041 Papa
1661 1006 1752 1041 prae-

1003 1039 1151 1074 decessor
1174 1050 1279 1075 noster
1290 1041 1328 1076 G.
1351 1041 1749 1091 Dole11.archiepiscopum

1003 1096 1034 1122 et
1057 1089 1270 1137 suffraganeos
1291 1092 1361 1126 eius
1382 1092 1420 1126 ad
1447 1092 1630 1134 concilium,
1665 1094 1749 1141 quod

1004 1137 1085 1173 Pisis
1109 1149 1215 1186 postea
1230 1141 1417 1183 celebravit,
1439 1141 1554 1188 legitur
1591 1154 1750 1183 evocasse,

1002 1196 1033 1221 et
1066 1188 1103 1223 ad
1138 1190 1369 1236 querimoniam
1397 1192 1464 1225 eius
1500 1192 1611 1227 citasse
1648 1193 1751 1228 archi-

1003 1237 1184 1284 episcopum
1204 1239 1378 1284 Turonen.,
1392 1249 1423 1275 et
1437 1252 1531 1287 super
1544 1241 1750 1282 subiertione,

1002 1297 1095 1332 quam
1119 1300 1135 1322 a
1162 1288 1275 1324 Dolen.
1305 1289 1441 1335 petebat,
1465 1290 1613 1326 iustitiam
1648 1299 1752 1327 osten-

1002 1337 1089 1371 ‹leret
1110 1337 1270 1373 Ecclesiae
1291 1337 1410 1373 Turon.
1433 1348 1463 1373 et
1497 1339 1600 1375 eidem
1635 1339 1749 1377 Dolen.

1002 1385 1041 1419 de
1068 1386 1191 1422 Alaten.
1215 1387 1348 1423 dioecesi
1378 1389 1591 1436 responderet.
1621 1389 1654 1424 In
1688 1403 1751 1438 quo

1002 1435 1094 1469 etiam
1118 1438 1185 1483 piae
1202 1438 1371 1472 memoriae
1389 1437 1591 1474 Coelestinus
1613 1439 1749 1476 eundem

1003 1485 1278 1532 praedecessorem
1317 1500 1409 1522 suum
1454 1487 1669 1524 Innocentium
1704 1498 1751 1526 est

1001 1543 1138 1570 secutus.
1168 1536 1208 1571 Et
1234 1537 1303 1571 licet
1327 1537 1427 1572 bonae
1447 1538 1616 1573 memoriae
1632 1538 1750 1574 Lucius

1003 1586 1083 1633 Papa
1099 1585 1126 1620 11
1150 1586 1372 1633 praedecessor
1387 1596 1492 1622 noster
1509 1596 1615 1623 contra
1637 1587 1747 1624 Dolen.

1003 1635 1171 1670 Ecclesiam
1197 1648 1252 1683 pro
1274 1635 1433 1671 Turonen.
1464 1638 1648 1673 sententiam
1677 1650 1750 1685 pro-

1003 1685 1157 1731 mulgarit,
1184 1698 1310 1732 semper
1337 1695 1441 1721 tamen
1469 1687 1579 1722 Dolen.
1608 1687 1747 1723 Ecclesia

1003 1736 1032 1768 in
1060 1734 1212 1770 libertatis
1233 1736 1430 1782 possessione
1454 1737 1636 1784 permansit:
1663 1749 1748 1779 cum,

1002 1784 1083 1818 sicut
1106 1785 1136 1818 in
1159 1785 1277 1832 scripto
1299 1785 1392 1820 etiam
1425 1785 1465 1820 ab
1495 1786 1621 1821 adversa
1663 1797 1748 1833 parte

1002 1833 1131 1868 inducto
1154 1834 1341 1881 perspicitur
1363 1835 1530 1877 contineri,
1559 1848 1747 1871 concessum

1003 1883 1105 1927 fuerit,
1130 1892 1162 1917 ut
1183 1883 1221 1917 G.
1245 1892 1318 1918 tuuc
1350 1884 1461 1919 Dolen.
1491 1885 1749 1932 archiepiscopus

1001 1932 1140 1979 quandiu
1160 1932 1320 1967 Ecclesiae
1345 1942 1491 1980 praeesset
1511 1935 1626 1975 eidem,
1657 1947 1748 1969 usum

1003 2043 1113 2066 manus
1135 2030 1280 2066 Pontifex
1307 2032 1492 2068 subiaceret.
1533 2033 1620 2069 Idem
1655 2034 1747 2068 etiam

1001 2080 1038 2114 G.
1063 2093 1134 2115 cum
1155 2081 1193 2116 ad
1213 2081 1381 2127 Capuanae
1420 2081 1514 2117 Sedis
1549 2082 1746 2129 metropolim

1001 2130 1162 2177 aspiraret,
1186 2131 1216 2165 in
1240 2131 1286 2166 via
1309 2145 1379 2165 cum
1403 2130 1563 2166 Turonen.
1593 2131 1749 2179 archiepi-

1002 2191 1096 2225 scopo
1114 2179 1228 2214 ‹licitur
1250 2180 1424 2219 collusisse,
1451 2193 1507 2215 nec
1531 2181 1611 2216 bene
1638 2180 1748 2216 defen-

1001 2229 1083 2263 disse.
1104 2241 1231 2264 causam
1265 2229 1376 2264 Dolen.
1416 2229 1587 2274 Ecclesiae,
1629 2243 1645 2264 a
1686 2242 1746 2277 qua

1002 2286 1062 2312 tam
1078 2290 1222 2325 corpore,
1261 2291 1354 2325 quam
1393 2281 1499 2314 animo
1542 2279 1747 2318 discedebat,

1002 2340 1073 2361 cum
1102 2329 1203 2362 statim
1221 2337 1287 2373 post
1316 2329 1502 2363 seutentiam
1531 2328 1688 2364 transierit
1709 2329 1746 2364 ad

1003 2376 1175 2411 Ecclesiam
1220 2376 1361 2424 Capuan.
1418 2376 1576 2412 Oliverins
1621 2390 1749 2426 quoque

1002 2438 1164 2460 successor
1193 2426 1290 2472 ipsius
1311 2426 1442 2471 electus,
1469 2427 1595 2462 eosdem
1630 2427 1748 2463 suffra-

217 2482 314 2519 scopo
335 2483 352 2506 a
374 2469 514 2505 Gerardo
541 2477 615 2504 tunc
638 2468 852 2513 Engolismen.
892 2483 961 2518 epi·
979 2481 984 2517 1
1002 2487 1129 2520 ganeos,
1149 2488 1228 2522 quos
1258 2474 1297 2510 G.
1331 2476 1553 2522 praedecessor
1587 2476 1655 2513 eius
1689 2477 1745 2512 ha-

980 2521 984 2572 !
1004 2525 1124 2568 buerat,
1147 2524 1265 2567 habuit,
1304 2535 1333 2559 et
1375 2526 1404 2559 in
1451 2525 1563 2560 Dolen.
1605 2526 1746 2562 Ecclesia

980 2574 985 2611 i
1005 2574 1200 2613 ministravit,
1229 2575 1308 2608 sicut
1335 2587 1388 2621 per
1407 2575 1510 2620 plures
1533 2584 1628 2612 testes
1648 2575 1746 2611 fuerat

980 2616 985 2655 l
1004 2623 1251 2670 comprobatum.
1272 2623 1398 2657 Adiecit
1425 2624 1517 2659 etiam
1538 2637 1609 2672 pars
1634 2625 1746 2661 Dolen.

1769 242 1816 267 Αιι,
1837 239 1864 266 tl.
1880 240 1950 265 1¹⁹⁹

1766 994 1939 1015 InnocentiusPt’

1766 1025 1877 1046 notensem
1911 1034 1946 1046 ac-

1780 1057 1915 1083 rhiepiscopo
1926 1065 1936 1077 ιι

1766 1092 1786 1108 et
1805 1088 1881 1113 suniag
1896 1094 1948 1108 uec,

1766 1124 1811 1139 eius
1830 1118 1854 1138 ad
1873 1124 1946 1138 couci-

1766 1151 1814 1169 llum
1831 1151 1934 1170 avocavit.
