2129 3223
42 246 90 275 Αἰ.
104 245 132 272 C.
153 245 219 272 t⁶2¹7

51 500 165 521 1111000511
194 500 219 519 tte

37 530 93 552 ttom.
134 529 150 550 Β
166 529 216 550 ries.

37 563 113 590 01111100
126 561 204 582 metiti.

36 1539 208 1569 Areliiepismpa-

28 1570 53 1592 lis
66 1571 156 1597 dignitas
176 1573 207 1593 ein

27 1602 167 1624 confirmatur.

41 2170 148 2194 Rectostno
155 2171 209 2194 Gor-

29 2202 111 2224 1100000
122 2203 153 2223 eis
162 2201 210 2224 sub-

29 2233 102 2254 1001110.

859 242 980 265 novom
988 242 1021 265 [S
1043 243 1079 265 111
1104 243 1150 265 ΡΡ.

237 300 281 336 105
320 299 401 334 111105
439 297 576 345 reperit,
615 296 812 332 clementiori
855 305 985 332 tractare

235 349 330 396 gratia
352 347 526 386 consuevit,
543 355 573 382 et
588 358 669 394 quos
683 345 888 382 ferventiores
903 346 985 381 circa

235 409 327 433 suum
344 396 531 444 obsequium
548 396 696 436 intuetur,
717 396 881 443 multiplici
899 407 986 443 prac-

235 446 372 494 rogativa
394 446 524 481 honoris
544 453 592 480 est
609 445 696 480 solita
720 445 901 480 sublimare.
920 445 985 480 Nos

234 496 329 543 igitur
349 496 403 543 qui
427 495 457 530 in
472 494 557 530 Sede
578 494 758 542 Apostolica
782 494 873 530 beato
889 495 983 529 Petro

232 545 445 593 apostolorum
468 544 605 591 principi
632 544 705 579 licet
728 555 789 578 non
812 544 982 590 suffragan-

232 594 315 630 tibus
338 594 460 629 meritis
486 606 523 628 ex
551 593 654 628 divina
677 593 883 640 dispositione
907 605 981 628 suc-

230 644 396 688 cessimus,
418 644 636 683 reverentiam,
664 642 862 678 devotionem
886 651 917 677 et
935 654 981 677 50-

229 693 391 729 dulitatem
418 692 578 740 obsequii,
600 703 695 739 quam
718 692 848 727 Ianuen.
873 691 981 727 Eccle-

229 742 292 788 sia,
325 750 357 778 01
390 751 454 778 1013
481 742 589 777 civitas
623 741 784 777 Ecclesiae
817 741 980 776 Romanae

229 801 372 840 tempore
401 792 598 828 necessitatis
628 791 788 832 exhibuit,
812 791 981 837 diligenter

228 841 440 882 attendentes,
468 841 707 876 considerantes
735 841 828 876 etiam
865 849 979 887 quanta

228 891 321 926 nobis
365 899 396 927 01
439 890 678 926 50000550111105
717 890 834 925 0051115
874 891 980 925 10010-

228 949 332 976 100013
359 950 390 976 01
417 939 583 976 commoda
615 951 669 987 per
692 939 878 974 lanuensem
902 939 979 973 civi-

228 998 322 1025 tatem
345 997 494 1037 poterunt
517 989 694 1037 provenire,
714 997 745 1023 et
768 990 978 1024 antecessoris

225 1039 324 1075 nostri
353 1039 454 1075 felicis
477 1039 646 1074 memoriae
673 1038 848 1073 innocentii
871 1038 977 1084 Papae

225 1088 366 1135 vestigiis
389 1088 600 1129 inhaerentes,
623 1088 675 1135 qui
703 1088 891 1123 Ianuensem
919 1087 978 1122 Ec-

225 1137 351 1174 clesiam
383 1137 659 1185 archiepiscopalis
686 1137 844 1183 dignitatis
869 1137 976 1172 excel-

225 1187 318 1222 lentia
343 1187 523 1223 sublimavit
550 1187 587 1222 ad
615 1186 786 1226 honorem,
817 1186 976 1221 exaltatio-

225 1247 309 1282 nem,
331 1244 363 1273 et
384 1236 516 1283 gloriam
541 1236 695 1283 praefatae
719 1236 870 1276 civitatis,
894 1248 975 1282 qnae

224 1284 315 1321 beato
335 1285 431 1322 Petro
462 1294 493 1321 01
513 1285 647 1321 Sanctae
670 1285 831 1320 Romanae
860 1285 974 1320 Eccle-

223 1335 288 1370 siae
327 1335 524 1379 fldelissima,
558 1344 588 1369 et
615 1335 651 1370 ad
687 1335 889 1370 serviendum
925 1335 973 1379 01,

222 1384 447 1420 5100111101οω
475 1392 541 1425 051,
577 1385 809 1431 promptissima
835 1395 974 1429 perseve-

222 1441 285 1476 rat,
324 1441 356 1469 et
396 1433 435 1469 de
472 1440 596 1469 caetero
632 1433 714 1468 idem
751 1445 783 1468 se
820 1432 971 1467 facturam

222 1483 411 1530 propensius
443 1482 627 1530 pollicetur,
656 1482 693 1517 ad
722 1482 883 1529 exemplar
911 1489 971 1516 tam

223 1531 321 1579 ipsius
340 1531 532 1573 Innocentii,
560 1544 655 1579 quam
691 1531 790 1566 felicis
819 1531 972 1567 recorda-

221 1581 318 1617 tionis
340 1581 529 1625 Alexandri,
551 1581 742 1625 Clementis,
771 1579 945 1615 Coelestini
963 1608 972 1625 ,

221 1637 252 1664 et
278 1629 455 1666 Innocentii
482 1630 763 1678 praedecessorum
792 1639 970 1665 nostrorum

221 1678 437 1716 Romanorum
469 1679 658 1715 Pontificum
687 1679 829 1715 eamdem
866 1679 972 1726 digni-

221 1736 316 1765 tatem
338 1729 393 1764 tibi
415 1737 446 1765 et
467 1729 705 1765 successoribus
724 1729 785 1764 tuis
807 1729 969 1763 communi

221 1777 350 1814 fratrum
371 1787 550 1814 nostrorum
573 1779 706 1813 consilio
727 1778 877 1813 duximus
900 1790 973 1813 con-

222 1825 419 1862 firmandam.
447 1827 541 1870 Quod
570 1827 653 1862 enim
684 1827 743 1861 iam
772 1827 845 1861 dicti
880 1835 971 1861 ante-

221 1887 363 1911 cessores
396 1877 493 1911 nostri
523 1876 736 1917 lnnocentius,
770 1876 971 1920 Alexander,

221 1923 386 1969 Clemens,
408 1925 610 1961 Coelestinus
636 1934 667 1960 et
695 1925 898 1961 lnnocentius
920 1925 971 1960 la-

222 1986 376 2010 nuensem
403 1975 560 2010 civitatem
584 1975 740 2021 insignem
765 1974 971 2009 reddiderunt

221 2024 319 2073 gratia
352 2024 498 2072 ampliori
527 2036 585 2058 nos
611 2033 712 2059 ratum
742 2024 909 2063 habentes,
941 2032 972 2058 et

220 2073 406 2110 auctoritate
429 2073 598 2121 apostolica
621 2073 817 2117 roborantes,
835 2082 896 2108 tres
910 2075 972 2119 epi—

222 2130 370 2170 scopatus
403 2123 433 2157 in
461 2122 602 2161 Corsica,
631 2122 788 2157 Maranen.
813 2122 970 2168 videlicet,

221 2170 376 2208 Nebolen.
405 2180 436 2207 et
467 2172 611 2215 tertium,
645 2172 735 2206 cuius
768 2171 874 2207 sedem
903 2185 971 2207 me-

222 2229 362 2257 moratus
384 2221 590 2256 Innocentius
612 2220 775 2256 ecclesiam
789 2221 896 2256 Sancti
915 2221 971 2256 Pe-

223 2270 261 2305 tri
305 2270 338 2306 ie
377 2271 461 2305 Atho
499 2269 679 2314 constituit,
721 2279 751 2305 et
790 2271 839 2305 cui
877 2283 969 2305 unam

222 2319 347 2367 plebem
369 2320 408 2354 de
429 2319 596 2357 Maranna.
618 2327 648 2353 01
676 2319 767 2354 aliam
799 2319 838 2355 de
866 2320 969 2354 Aleria

222 2369 394 2409 concessit,
421 2368 610 2404 Bobiensem
646 2380 771 2415 quoque
806 2369 970 2417 episcopa-

222 2427 302 2460 tum,
329 2427 361 2454 et
382 2419 470 2453 illum
498 2419 537 2453 de
563 2417 734 2464 Brugniate
769 2429 841 2452 cum
865 2419 971 2453 ecclc-

223 2467 278 2502 siis
309 2468 392 2508 suis,
415 2480 494 2516 quas
520 2467 602 2503 circa
631 2475 660 2501 et
682 2467 712 2501 in
742 2467 878 2502 castellis
905 2468 970 2503 suis

223 2515 328 2558 habet,
349 2529 443 2565 quem
478 2516 560 2552 idem
593 2526 774 2551 antecessor
801 2525 907 2552 noster
931 2517 970 2552 de

223 2576 304 2600 novo
335 2566 513 2607 constituit,
549 2565 605 2601 tibi
640 2565 764 2612 tuisque
801 2577 969 2601 successo-

223 2613 322 2659 rihus,
344 2615 425 2650 sicut
452 2623 482 2650 et
505 2616 572 2662 ipse
595 2623 776 2650 antecessor
798 2623 902 2650 noster
924 2615 970 2650 10-

1658 235 1727 268 319

1026 297 1106 332 01550
1124 297 1332 342 dignoscitur,
1351 299 1582 346 metropolitico
1597 299 1664 335 iure
1682 299 1763 334 subii

1025 346 1136 381 cimus.
1156 345 1381 382 Verumtamen
1405 348 1622 396 episcopatum
1643 348 1776 385 Ianuen-

1025 408 1109 439 sem,
1140 403 1171 431 et
1212 403 1241 430 te
1270 396 1431 437 videlicet,
1459 410 1494 433 ac
1527 406 1671 445 posteros
1704 406 1773 434 tuo-

1024 445 1064 479 ab
1085 445 1170 479 omni
1186 446 1400 493 emancipatos
1413 446 1609 483 subiectione
1631 448 1662 482 in
1680 459 1772 482 1113011

1027 494 1149 541 propria
1182 494 1280 530 libere
1313 495 1505 537 retinemus,
1532 505 1706 532 statuentes
1742 508 1771 532 ut

1794 246 1885 273 Att.C.
1907 248 1973 274 ¹217

1026 543 1188 578 1301100515
1227 543 1485 592 archiepiscopus
1512 558 1527 580 a
1567 546 1773 593 suffraganeis
1792 577 1800 582 .

1023 593 1088 627 suis
1111 594 1281 640 episcopus
1303 604 1517 639 consecretur,
1533 595 1676 642 pallium,
1700 608 1760 641 pon

1023 641 1147 677 tificalis
1162 642 1283 678 scilicet
1297 642 1389 678 officii
1405 643 1633 691 plenitudinem
1656 657 1672 679 3
1688 644 1771 680 8011(-

1023 691 1203 739 Αο05101103
1220 702 1415 740 recepturus.
1431 693 1598 729 Praeterea
1614 694 1696 729 illam
1712 695 1759 730 sin

1022 741 1212 776 cerissimam
1241 742 1439 777 devotionem
1467 750 1529 778 tam
1557 751 1655 785 tuam,
1677 755 1770 791 quani

1021 791 1154 826 civitatis
1172 799 1245 826 tuae
1261 791 1445 827 multimoda
1461 792 1689 840 obsequiorum
1709 805 1770 828 ser-

1022 839 1111 883 vitia,
1144 852 1225 887 quae
1255 840 1419 876 Romanae
1445 841 1607 877 Ecclesiae
1637 842 1765 877 lidelitet

1020 901 1054 923 30
1077 889 1248 925 liberaliter
1266 891 1476 937 impendistis,
1500 891 1530 925 in
1555 892 1704 928 memoria
1728 904 1772 926 re-

1020 938 1167 979 tinentes,
1197 947 1230 974 ut
1251 939 1414 974 Ianuensis
1440 939 1544 975 clerus
1576 949 1607 976 et
1634 941 1772 988 populus

1019 988 1055 1022 ad
1079 988 1243 1023 servitium
1271 997 1302 1023 01
1324 989 1477 1024 honorem
1501 989 1664 1026 Ecclesiae
1682 999 1770 1026 tanto

1019 1037 1191 1073 ferventius
1217 1038 1420 1081 accendatur,
1453 1048 1572 1086 quanto
1596 1039 1767 1075 Ecclesiam

1017 1095 1047 1120 01
1076 1088 1233 1122 civitatem
1266 1087 1452 1123 Ianuensem
1481 1100 1496 1122 a
1525 1088 1608 1124 Sede
1630 1090 1767 1137 Aposto—

1018 1136 1074 1170 lica
1107 1137 1290 1183 cognoverit
1321 1138 1456 1184 amplius
1484 1138 1649 1178 honorari,
1677 1151 1765 1173 00111-

1018 1186 1176 1220 municato
1210 1185 1338 1220 fratrum
1371 1186 1515 1230 consilio,
1546 1187 1584 1222 ad
1607 1188 1767 1234 exemplar

1017 1235 1075 1269 iam
1099 1234 1255 1270 dictorum
1275 1235 1460 1279 Alexandri,
1478 1235 1664 1280 Clementis,
1682 1236 1765 1272 Coe-

1017 1284 1121 1319 lestini
1143 1292 1172 1318 et
1203 1283 1377 1319 Innocentii
1401 1285 1679 1332 praedecessorum
1707 1298 1763 1321 no-

1015 1342 1150 1368 strorum
1194 1334 1381 1380 legationem
1424 1335 1664 1370 transmarinam
1707 1335 1761 1369 tib}

1015 1383 1140 1429 tuisque
1164 1383 1400 1418 successoribus
1431 1383 1462 1417 in
1487 1393 1673 1431 perpetuum
1704 1384 1765 1419 du—

1015 1432 1117 1466 ximus
1139 1432 1389 1473 concedendam,
1417 1432 1457 1467 ita
1479 1434 1608 1480 quidem
1632 1443 1666 1469 ut
1692 1434 1764 1469 sin-

1013 1481 1096 1526 gulis
1123 1482 1278 1516 octenniis
1305 1494 1376 1516 cum
1412 1482 1564 1529 episcopo
1592 1482 1638 1518 vel
1661 1482 1765 1518 cardi-

1014 1530 1075 1564 nali
1112 1530 1274 1566 Romanae
1308 1531 1472 1566 Ecclesiae
1506 1532 1580 1567 illuc
1612 1531 1764 1567 accedere

1013 1579 1156 1615 debeatis
1188 1593 1204 1614 a
1244 1579 1408 1616 catholicis
1434 1581 1673 1616 successoribus
1699 1593 1764 1616 no—

1013 1630 1087 1664 stris
1124 1630 1267 1665 eamdem
1307 1630 1502 1665 auctoritatis
1537 1639 1567 1666 et
1600 1631 1764 1678 potestatis

1014 1678 1243 1725 plenitudinem
1274 1680 1449 1726 recepturi,
1472 1692 1566 1727 quam
1593 1680 1762 1727 episcopus

1013 1729 1058 1762 vel
1085 1728 1252 1763 cardinalis
1281 1728 1442 1769 habuerit,
1465 1730 1520 1776 qui
1545 1741 1561 1763 a
1589 1728 1681 1764 nobis
1716 1729 1760 1764 vel

1012 1777 1249 1813 successoribus
1270 1778 1388 1812 nostris
1407 1777 1481 1813 illuc
1498 1778 1537 1812 de
1558 1790 1689 1826 corpore
1705 1778 1762 1813 Ec-

1012 1826 1125 1861 clesiae
1169 1827 1263 1862 suerit
1306 1827 1491 1862 destinatus.
1534 1827 1759 1863 Monasterium

1012 1888 1139 1923 quoque
1166 1877 1251 1923 qnod
1280 1876 1310 1910 in
1341 1876 1441 1911 insula
1469 1877 1640 1912 Gallinaria
1666 1877 1759 1912 situm

1012 1934 1077 1966 est,
1105 1925 1141 1960 ad
1176 1927 1224 1961 ius
1251 1935 1375 1961 sanctae
1409 1925 1571 1961 Romanae
1598 1925 1759 1961 Ecclesiae

1012 1975 1189 2021 specialiter
1216 1976 1394 2022 pertinens,
1421 1984 1450 2009 et
1472 1975 1623 2010 ecclesias
1645 1975 1676 2010 in
1713 1987 1760 2010 ca-

1012 2033 1076 2058 stro
1098 2032 1129 2058 et
1155 2024 1308 2059 suburbio
1336 2024 1449 2059 Portus
1471 2024 1603 2060 Veneris
1629 2037 1644 2059 a
1668 2026 1760 2069 iuris†

1011 2072 1150 2108 dictione
1172 2073 1294 2108 Lunen.
1319 2074 1458 2121 episcopi
1481 2075 1667 2112 eximentes,
1690 2073 1758 2109 tibi.

1011 2131 1039 2156 et
1064 2123 1111 2157 liis
1139 2123 1191 2169 qui
1220 2131 1289 2169 post
1321 2131 1350 2157 te
1378 2124 1587 2158 successerint
1616 2123 1645 2157 in
1682 2134 1757 2170 per-

1012 2179 1142 2218 petuum
1179 2172 1348 2219 apostolica
1384 2173 1569 2207 auctoritate
1603 2171 1759 2206 concedi—

1012 2233 1093 2261 mus,
1110 2230 1138 2255 et
1159 2222 1313 2268 praesenti
1337 2221 1502 2268 privilegio
1520 2221 1755 2255 confirmamus.

1011 2270 1277 2316 Albinganensem
1299 2271 1428 2317 insuper
1449 2270 1664 2317 episcopatum
1702 2269 1757 2305 tibi

1011 2328 1039 2353 et
1070 2320 1305 2354 successoribus
1339 2320 1400 2353 tuis
1431 2320 1467 2354 ad
1504 2319 1662 2365 exemplar
1697 2319 1757 2354 iam

1011 2369 1165 2403 dictorum
1198 2377 1432 2403 antecessorum
1466 2377 1644 2403 nostrorum
1677 2368 1759 2403 Ale-

1011 2417 1139 2456 xandri,
1175 2416 1365 2456 Clementis,
1398 2416 1569 2452 Coelestini
1603 2426 1633 2454 et
1662 2417 1759 2453 Inno-

1011 2467 1103 2501 centii
1137 2467 1341 2501 concedimus
1378 2466 1596 2508 nihilominus,
1623 2475 1654 2501 01
1679 2479 1758 2502 con-

1011 2515 1181 2550 firmamus.
1218 2516 1363 2564 Denique
1394 2524 1427 2550 ut
1460 2516 1588 2552 1300011.
1622 2516 1757 2561 civitas,

1010 2577 1090 2612 quae
1112 2564 1256 2600 coelestis
1284 2565 1431 2600 Numinis
1453 2565 1557 2602 adiuta
1580 2565 1695 2606 favore,
1718 2565 1757 2601 de

1011 2614 1145 2648 inimicis
1172 2613 1283 2650 Crucis
1313 2614 1428 2649 Christi
1464 2615 1658 2663 triumphum
1693 2614 1757 2650 fre-

1790 1345 1921 1373 Archiepisc.
1936 1348 1966 1369 le-

1781 1377 1836 1402 gatio
1859 1380 1965 1398 transmit<

1781 1414 1827 1428 sins
1850 1412 1965 1428 committi-

1781 1440 1825 1457 tur:

1790 1836 1860 1858 Eidem
1869 1837 1960 1858 1131100-

1776 1872 1829 1888 nast⁴
1850 1869 1870 1888 in
1892 1868 1961 1888 insula

1776 1899 1889 1919 Gallinaria
