2129 3223
848 229 851 231 ’
902 243 1004 267 mnizx
1027 243 1139 267 iti-:mm
1679 236 1748 269 807

247 295 456 331 Benvenutus
482 296 733 331 Auximanorum
756 297 938 344 episcopus,
964 300 1032 333 705
1054 300 1082 333 b.

247 343 403 380 Beraldus
429 345 525 381 abbas
547 344 753 381 Sublacensis
791 347 824 381 V.
847 346 1046 383 Sublacense
1079 348 1317 383 monasterium.

248 394 389 430 Berardo
449 395 687 443 archiepiscopo
738 396 928 432 Atheniensi
981 398 1113 445 eiusque
1162 397 1403 432 successoribus
1427 405 1429 407 '
1462 398 1593 445 pallium
1646 398 1800 434 concedi·

347 453 410 484 tur,
432 445 504 480 229
531 458 561 479 α.

247 493 473 541 Bergomensis
506 493 658 530 Ecclesia.
688 495 723 528 V.
751 494 922 531 Alexandri
948 494 1004 542 (S.)
1032 504 1064 532 et
1093 495 1201 532 Sancti
1225 495 1382 532 Vincentii
1411 495 1639 544 Bergomensis
1666 498 1800 533 civitatis

347 544 495 590 capitula.

246 592 429 629 Bernardus
463 592 651 628 Biterrensis
678 593 799 640 primus
821 595 971 640 magister
992 594 1214 630 Waldensium
1244 608 1468 631 conver'SOltlm
1499 596 1592 631 fidem
1612 597 1797 631 catholicam

347 642 528 690 profitetur,
563 644 634 677 246
668 644 696 677 b
721 644 799 679 Eius
823 644 894 679 fidei
920 645 1092 685 confessio,
1115 647 1186 680 250
1208 658 1238 679 α.
1268 645 1345 680 Eius
1369 646 1571 692 poenitentia,
1595 649 1666 681 252
1693 647 1722 680 b.

246 692 430 727 Ber-nardus
455 692 627 747 episcopus
648 691 892 729 xanctonensis.
926 695 960 728 1
983 695 1147 729 Aiensium
1178 695 1418 735 monachorum,
1440 704 1493 729 etc.

245 741 458 777 Bernwardus
489 743 660 789 episcopus
685 742 1016 779 Hildenesheimensis
1048 745 1079 779 in
1117 744 1254 780 saxonia
1281 754 1463 779 sanctornm
1495 745 1566 779 albo
1594 744 1799 788 adscribitur,

346 793 392 826 86
415 792 433 825 b
459 799 490 826 et
511 803 571 837 seq.

247 840 417 875 Bertoldus
438 852 558 885 comes,
583 844 646 876 581
675 854 706 876 α.
733 841 868 877 Obtinet
891 842 920 876 in
944 842 1074 877 feudum
1102 851 1217 879 terram
1241 843 1421 884 Partuselli,
1448 844 1525 878 ibid.

246 889 437 924 Bituricensi
473 889 715 939 archiepiscopo
747 892 936 947 Aquitaniae
969 893 1094 939 primati
1133 892 1321 928 conceditur
1353 893 1479 927 collatio
1513 892 1731 927 Ecclesiarum
1759 891 1798 926 de

344 939 412 974 iure
434 940 663 974 monachorum
703 941 749 975 vel
785 942 1023 985 canonicorum,
1050 943 1075 977 si
1105 943 1124 977 ii
1153 944 1232 977 intra
1261 950 1325 977 tres
1353 954 1479 977 menses
1503 941 1543 977 de
1570 942 1686 976 idoneo
1702 954 1798 989 pres-

347 988 457 1036 bytero
483 1001 544 1024 non
571 990 777 1036 providerint
805 991 850 1025 60
874 992 901 1025 b.

246 1038 462 1074 Bledunensis
488 1037 644 1074 dioecesis
665 1038 858 1075 viterbiensi
882 1040 980 1081 unita,
1007 1042 1080 1075 204
1102 1053 1132 1075 a.

245 1087 417 1123 Bohemiae
445 1087 575 1134 regibus
601 1088 723 1143 regium
747 1101 862 1124 nomen
891 1102 906 1124 a
930 1088 1014 1124 Sede
1036 1089 1217 1135 Apostolica
1241 1088 1439 1129 conceditur
1466 1091 1535 1125 189
1563 1103 1594 1124 α.

244 1137 418 1173 Bohemiae
445 1148 500 1172 rex
527 1149 543 1172 a
578 1138 723 1172 censuris
757 1138 970 1173 abstilienliis
1003 1140 1192 1183 dtclaratur,
1227 1137 1402 1172 dnmmodo
1434 1139 1472 1173 de
1500 1139 1626 1173 damnis
1645 1138 1798 1186 pragensi

344 1186 507 1222 Ecclesiae
540 1186 634 1221 illatis
655 1187 836 1228 satisfaciat,
874 1190 943 1223 5452
975 1201 1005 1222 α.
1041 1188 1218 1223 Libeit·1tes
1245 1187 1401 1222 Ecclesiis
1434 1189 1482 1222 sui
1517 1188 1605 1235 regni
1634 1188 1796 1227 restituit,

346 1238 417 1271 578
444 1238 472 1271 b.
500 1235 621 1271 Firmat
645 1237 820 1283 privilegia,
844 1239 914 1273 579
937 1250 966 1271 α.
991 1237 1077 1272 Haec
1104 1238 1219 1272 validat
1242 1237 1402 1271 Honorius
1421 1236 1463 1272 lll
1479 1237 1555 1282 PR,
1571 1239 1647 1272 ibid.

244 1285 412 1320 Boleslaus
447 1285 563 1320 Calvus
597 1285 660 1320 dux
700 1286 904 1333 Leynicensis
938 1286 1233 1322 Wratislaviensem
1257 1287 1442 1333 episcopum
1472 1287 1588 1322 carceri
1617 1286 1797 1332 mancipat,

343 1335 415 1369 648
443 1348 474 1369 a.
500 1333 628 1369 Frustra
658 1337 798 1370 monitus
825 1336 863 1370 ab
887 1336 1066 1371 Alexandro
1094 1335 1136 1371 1V
1163 1337 1201 1370 ‹le
1225 1348 1262 1370 eo
1286 1335 1466 1374 liberando,
1489 1337 1797 1379 excommunicatur,

343 1385 421 1419 ibid.
449 1393 479 1418 et
501 1385 529 1419 b.
552 1384 699 1419 Cruciata
723 1394 831 1419 contra
855 1387 959 1432 ipsum
985 1385 1148 1430 indicitur,
1171 1387 1242 1420 649
1265 1398 1294 1419 α.

245 1432 430 1469 Bonifaeius
451 1434 620 1488 episcopus
643 1434 893 1479 Cantuariensis,
919 1437 986 1470 70t
1009 1448 1040 1469 α.

244 1482 438 1518 Bononiensi
466 1484 583 1522 comiti,
607 1482 819 1529 portugalliae
843 1486 925 1530 regis
952 1483 1052 1524 fratri,
1081 1492 1251 1519 monentur
1279 1495 1426 1530 proceres
1450 1483 1656 1527 ntobediant,
1679 1485 1795 1518 5180

241 1531 461 1567 Bononienses
487 1532 658 1567 scholares.
691 1532 919 1578 Reprobaiitur
945 1542 1059 1568 statuta
1082 1534 1163 1568 edita
1191 1542 1298 1568 contri
1324 1533 1498 1567 libertatem
1523 1546 1647 1577 eorum,
1672 1534 1741 1567 567
1768 1534 1796 1566 b.

242 1581 354 1616 Bonus
375 1581 528 1616 Senensis
549 1582 730 1629 episcopus.
756 1584 793 1617 V.
819 1583 973 1618 Senensis
1000 1582 1150 1618 Ecclesia.

244 1630 427 1666 Bremensis
441 1631 733 1678 archiepiscopatus
748 1631 908 1667 Ecclesiae
930 1632 1136 1679 suffraganeae
1158 1632 1365 1678 designantur
1383 1641 1411 1666 et
1438 1632 1677 1671 confirmantur,
1706 1632 1751 1664 60
1768 1633 1795 1664 b.

340 1679 423 1716 Cum
450 1681 657 1716 immunitatis
684 1681 821 1720 decreto,
845 1685 884 1716 61
919 1695 949 1716 α.

243 1729 426 1765 Britanniae
458 1730 583 1764 comitis
610 1729 737 1776 flagitia,
760 1732 824 1765 451
859 1743 888 1765 α.
918 1730 1098 1777 Corripitur
1125 1743 1140 1765 a
1171 1730 1329 1777 praelatiS,
1357 1730 1411 1764 sed
1441 1730 1635 1777 indignatur,
1666 1731 1741 1763 ibid.
1766 1731 1793 1764 b.

341 1779 430 1813 Alios
464 1779 597 1826 impellit
622 1779 660 1813 ad
688 1779 815 1825 flagitia,
844 1781 914 1814 452
949 1793 979 1815 a.
1004 1780 1310 1815 Excommunicatur
1344 1791 1415 1814 cum
1450 1779 1517 1813 suis
1550 1779 1589 1813 ab
1615 1779 1794 1826 episcopis,

340 1829 415 1863 ibid.
439 1826 486 1862 De
522 1828 668 1862 mandato
695 1828 789 1863 Sedis
822 1829 1023 1875 Apostolicae
1060 1831 1201 1864 monitus
1238 1838 1269 1863 ut
1305 1828 1342 1862 ad
1370 1840 1424 1862 cor
1449 1829 1575 1868 rediret,
1593 1841 1669 1863 nova
1696 1836 1794 1873 patrat

341 1877 471 1917 scelera,
497 1879 574 1912 ibid.
597 1879 625 1912 b.
648 1877 809 1924 Delegatis
835 1888 935 1925 apost.
963 1878 1173 1913 committitur
1196 1888 1230 1913 ut
1257 1879 1430 1913 sententias
1453 1877 1792 1912 excommunicationis

341 1935 371 1960 et
393 1926 551 1962 interdicti
581 1927 610 1961 in
637 1940 709 1962 eum
732 1936 763 1961 et
791 1928 929 1962 fautores
951 1928 1029 1962 latas
1053 1928 1212 1974 publicent
1240 1937 1268 1962 et
1296 1929 1410 1961 servari
1438 1926 1563 1970 faciant,
1588 1929 1660 1961 455
1682 1939 1712 1960 α.

242 1974 452 2022 Brugnatensi
475 1975 647 2021 Ecclesiae,
679 1989 761 2024 quae
787 1986 877 2012 antea
900 1977 1053 2013 Naulensi
1078 1977 1177 2012 suerat
1201 1977 1304 2017 unita,
1332 1976 1470 2022 dignitas
1498 1975 1643 2010 redditur
1669 1975 1794 2021 episco-

343 2025 434 2072 palis,
462 2027 533 2060 519
556 2038 585 2060 α.

242 2072 335 2109 Bulla
362 2073 504 2109 dimidia.
536 2076 568 2108 V.
592 2074 730 2110 Litterae
752 2075 957 2122 apostolicae,
984 2083 1038 2110 etc.

241 2122 504 2169 Burgaliensibus
522 2125 686 2159 monachis
708 2125 799 2159 datur
814 2134 918 2160 certus
942 2125 1054 2160 modus
1069 2124 1194 2159 vivendi
1217 2133 1246 2159 et
1269 2123 1396 2170 regendi
1417 2124 1658 2166 monasterium,
1676 2125 1745 2158 198
1764 2125 1794 2157 b.

243 2172 429 2208 Burkardus
450 2173 624 2221 episcopus
645 2174 899 2221 Argentineusis.
930 2175 965 2209 V.
991 2174 1279 2220 Hohenburgensis
1301 2173 1438 2214 abbatia,
1460 2181 1514 2207 etc.

1003 2318 1036 2357 G

251 2410 413 2447 Caietanis
435 2412 621 2447 conceditur
651 2413 699 2448 ius
721 2414 860 2449 cudendi
884 2421 1054 2452 monetam
1084 2415 1155 2447 444
1182 2414 1210 2447 b.
1244 2412 1385 2461 Antiqua
1412 2413 1641 2448 confirmantur
1659 2412 1704 2448 eis
1730 2412 1796 2459 pri—

346 2461 469 2508 vilegia,
494 2464 564 2496 445
587 2475 617 2496 a.

246 2507 423 2546 Calaritana
445 2510 587 2545 Ecclesia
612 2511 736 2546 Pisanis
758 2512 898 2567 archiep.
926 2512 1081 2553 subiecta,
1107 2513 1175 2546 117
1198 2514 1215 2546 b
1237 2520 1266 2546 et
1293 2523 1352 2555 seq.

246 2557 407 2594 Calatrava
430 2559 500 2604 (De)
527 2560 653 2595 militari
678 2561 782 2595 ordini
810 2562 951 2597 instituta
981 2561 1159 2605 traduntur,
1190 2563 1259 2595 ΜΟ
1287 2562 1314 2593 b.
1344 2558 1430 2595 Bona
1459 2561 1485 2594 ei
1515 2561 1743 2595 confirmantur
1765 2566 1796 2593 et

345 2608 506 2655 privilegia
531 2609 683 2644 nonnulla
713 2610 945 2651 conceduntur,
973 2613 1047 2645 ibid.
