2129 3223
139 257 184 282 An.
204 255 233 282 C.
249 255 316 282 ¹0¹9

381 246 450 279 550

332 321 483 359 tempore.
513 311 590 346 Item
624 309 815 357 quicumque
843 318 905 350 est,
943 309 989 344 iel
1022 309 1078 344 etit

332 361 481 396 ferrarius
509 359 561 407 qui
579 358 689 394 habeat
708 359 856 403 focinam,
878 359 963 394 dabit
982 370 1078 393 unum

333 422 387 457 par
414 410 451 444 de
478 409 579 444 serriis
598 421 671 443 cum
686 408 784 444 clavis
805 408 955 463 episcopo
980 408 1080 442 luter-

332 471 443 494 amnae
464 458 501 493 ad
526 458 715 493 voluntatem
731 457 869 505 episcopi
886 458 970 492 omni
987 470 1080 500 anno,

332 508 472 555 exceptis
499 515 633 562 quatuor
659 507 697 541 de
728 507 866 542 ferrariis
887 508 911 541 si
936 506 1081 540 maluerit

333 557 514 604 episcopus,
540 569 593 603 qui
622 556 739 591 dabunt
762 557 788 591 ei
811 564 946 610 quatuor
968 555 1080 590 cultel-

333 607 484 651 los,inter
500 618 610 641 omnes
625 613 768 653 quatuor.
792 605 868 640 ltem
891 605 1082 651 quicumque

334 665 391 700 r‚st
420 655 466 690 vel
489 656 546 691 etit
583 655 753 703 pandaiius
777 655 881 695 lanae,
903 654 989 688 dabit
1011 666 1082 707 epi-

334 717 430 752 scopo
456 706 619 740 annuatim
644 704 777 739 mediam
800 703 911 738 libram
934 715 1023 737 cerae.
1052 702 1081 736 in

335 755 437 800 vigilia
466 754 640 789 Nativitatis
663 753 801 788 Domini.
831 753 906 788 ltem
930 752 1083 799 quicum-

334 816 394 851 que
416 811 463 838 est
485 803 532 838 vel
555 803 611 838 erit
635 811 799 841 mercator
823 802 876 849 qui
902 801 1013 836 vendat
1034 813 1083 836 res

334 865 409 888 suas
434 853 472 888 ad
501 852 625 900 pondus
658 852 772 890 librae
810 851 895 886 dabit
921 850 1081 886 annuatim

334 903 484 950 episcopo
498 910 640 950 quartam
662 909 779 948 partem
798 900 914 955 piperis
932 901 962 934 in
980 899 1082 946 vigilia

334 952 508 986 Nativitatis
534 951 674 986 Domini
708 950 784 984 Item
808 950 1000 1004 quicumque
1009 927 1082 988 vest,

336 1001 382 1035 vel
409 1001 467 1036 erit
489 1000 683 1037 calsolarius
711 999 796 1034 dabit
824 999 985 1033 annuatim
1015 998 1085 1045 epi-

335 1062 431 1097 scopo
459 1062 556 1084 unum
586 1061 640 1095 par
666 1048 849 1083 sutellarum
877 1050 921 1091 (t)
950 1048 987 1081 ad
1011 1059 1085 1082 sen-

335 1112 405 1134 snm
440 1099 592 1146 episcopi
622 1098 698 1133 Item
727 1098 922 1144 quicumque
949 1105 1011 1136 est,
1039 1096 1084 1131 vel

334 1150 390 1183 erit
415 1149 562 1194 magister
589 1147 744 1194 lapidum,
773 1146 819 1182 vel
842 1146 1012 1192 lignorum,
1034 1145 1087 1180 da-

340 1198 383 1232 bit
400 1198 552 1244 episcopo
575 1197 708 1243 singulis
726 1195 818 1231 annis
839 1207 932 1230 unam
956 1207 1085 1250 operam

335 1247 405 1282 sine
432 1246 540 1282 fraude
575 1245 612 1281 ad
646 1245 835 1280 voluntatem
868 1244 1027 1292 episcopi
1056 1251 1086 1278 et

337 1309 408 1332 cum
444 1295 591 1343 expensis
618 1294 777 1343 episcopi
811 1293 955 1338 tidelicet
978 1305 1087 1328 come-

340 1346 461 1380 stionis.
493 1345 567 1379 ltcm
585 1344 624 1379 de
635 1344 779 1399 quolibet
793 1344 871 1378 bove
884 1343 931 1377 vel
945 1355 1034 1378 vacca
1047 1342 1085 1377 ad

342 1394 494 1429 :randum
510 1394 620 1429 lrabeat
643 1393 811 1440 episcopus
833 1393 862 1426 in
891 1392 993 1437 vigilia
1013 1391 1088 1426 Om-

340 1444 426 1478 nium
448 1443 640 1478 Sanctorum
664 1442 833 1477 duodecim
852 1441 875 1476 1
879 1453 1010 1476 ucenses
1028 1443 1085 1483 (9.1.

341 1494 417 1528 ltem
439 1493 634 1547 quicumque
666 1491 724 1526 erit
758 1498 872 1526 textor.
903 1490 947 1524 iel
976 1490 1087 1524 textrix

340 1542 496 1589 ‹anaparii
532 1541 561 1575 in
604 1541 727 1576 civitate
770 1540 815 1575 vel
855 1539 964 1585 buiris
990 1538 1088 1573 solvat

340 1591 500 1626 innuatim
530 1590 560 1624 in
580 1590 682 1636 vigilia
714 1589 866 1624 Omnium
898 1588 1086 1623 Sanctorum

341 1641 468 1675 domino
494 1639 658 1687 episcopo,
685 1639 740 1686 qui
771 1650 826 1685 pro
854 1646 995 1684 tempore
1018 1638 1088 1678 erit

341 1689 474 1724 inediam
510 1689 620 1723 libiam
656 1689 790 1735 piperis,
826 1686 910 1721 salvo
943 1686 1027 1741 quod
1061 1686 1087 1721 si

342 1740 446 1783 plures
473 1746 578 1772 essent
623 1746 761 1773 textores
794 1737 840 1771 vel
870 1736 1018 1771 textiices
1045 1735 1086 1770 si-

343 1788 431 1823 miles
465 1788 494 1822 in
526 1799 587 1822 una
627 1787 722 1821 domo
751 1793 781 1821 et
810 1785 840 1820 iu
870 1798 930 1820 una
958 1784 1090 1829 familia⁷

343 1850 403 1872 uon
427 1837 523 1872 solvat
560 1837 618 1871 nisi
649 1848 731 1871 unus
762 1847 882 1870 eorum.
906 1834 983 1869 Item
1018 1834 1091 1881 qui-

341 1899 477 1933 cumque
495 1894 553 1925 est,
582 1885 626 1919 vel
650 1886 706 1920 erit
732 1885 914 1931 pellipaiius
935 1886 999 1927 (ὅ),
1027 1883 1090 1924 det,

343 1944 371 1970 ct
403 1934 502 1970 soliat
527 1935 611 1969 omni
641 1948 723 1969 inno
751 1934 781 1968 in
812 1933 917 1980 vigilia
939 1932 1090 1967 Omnium

343 1985 529 2021 Sanctorum
553 1983 681 2018 domino
702 1984 854 2029 episcopo
890 1982 1025 2016 mediam
1062 1981 1090 2016 li

345 2034 431 2068 lnam
459 2045 560 2068 cerae.
596 2033 671 2067 ltem
701 2033 739 2067 ile
767 2031 914 2075 omnibus
941 2030 1091 2077 acceptis,

344 2085 412 2119 sive
453 2082 592 2126 intratis,
631 2094 710 2128 quae
749 2081 959 2116 communitas
987 2080 1092 2114 loter—

345 2132 506 2168 amnensis
548 2131 686 2173 babebit,
715 2137 860 2166 teneatur
883 2129 1093 2164 communitas

346 2182 420 2217 dare
451 2181 580 2215 domino
614 2181 763 2227 episcopo
790 2179 962 2218 decimam,
998 2190 1092 2224 quam

346 2231 502 2266 decimam
535 2230 741 2269 camerarius,
776 2229 829 2275 qui
867 2240 922 2275 pro
955 2236 1094 2272 tempore

347 2281 417 2321 erit,
438 2278 558 2314 solvere
594 2286 747 2321 teneatur,
775 2286 906 2324 excepto
938 2276 1022 2324 quod
1057 2276 1094 2310 de

347 2329 498 2368 collectis,
520 2340 600 2375 quae
622 2327 839 2362 universaliter
862 2339 917 2374 per
938 2326 1094 2360 civitatem

348 2377 506 2424 colligent,
528 2384 559 2412 et
580 2377 619 2411 de
645 2376 865 2411 condemnatis
887 2383 916 2410 et
943 2375 1096 2409 condem-

351 2427 461 2462 nandis
479 2426 516 2461 ad
536 2438 661 2461 murum
681 2425 814 2461 civitatis
837 2424 1013 2459 laciendum
1035 2435 1096 2458 non

385 2496 424 2529 (t)
440 2497 548 2528 Sittena,
565 2503 578 2522 3
595 2498 689 2527 subtel,
709 2503 778 2529 quae
797 2503 855 2521 vox
868 2495 1012 2526 rusciano,
1033 2494 1049 2520 l.
1071 2495 1097 2525 5,

351 2538 428 2557 imam
451 2534 553 2565 partem
573 2530 648 2566 pedis
662 2530 806 2565 significat,
827 2530 996 2557 calceamenti
1017 2536 1099 2564 genus

351 2568 398 2591 et.
439 2566 478 2600 (2)
499 2566 629 2598 Lucensis,
646 2569 767 2593 monetae
786 2566 898 2600 speeies
920 2573 956 2591 sic
976 2565 1044 2591 dicta
1066 2564 1099 2592 ab

353 2600 440 2626 ltaliae
456 2600 522 2627 urbe
538 2601 617 2627 Luca.
657 2601 696 2635 (3)
716 2602 877 2633 Peluparius
908 2600 993 2626 latinis
1013 2602 1099 2631 penio,

353 2635 397 2668 qui
413 2634 493 2669 pelles
508 2639 582 2670 parat
596 2642 626 2662 ac
644 2635 742 2663 xendn.

907 254 1094 277 BFLLARIUM
1116 253 1278 276 ROMANUM

1122 308 1179 343 suit
1205 308 1356 363 permissa
1378 307 1517 347 decima3
1545 314 1575 341 et
1602 306 1793 360 quicumque
1814 317 1869 340 su,-

1123 358 1295 405 prascripta
1311 368 1373 392 non
1392 356 1615 395 observaverit,
1637 355 1807 402 requisitus
1822 362 1870 389 te-

1122 414 1232 442 neatur
1259 406 1380 441 solvere
1415 417 1546 453 poenam
1580 404 1680 452 dupli,
1713 412 1747 439 et
1772 415 1870 450 poena

1121 455 1236 499 soluta,
1259 455 1464 490 nihilominus
1476 454 1641 501 persolvat
1661 453 1738 489 Item
1757 453 1871 488 consti

1122 505 1240 540 tuimus
1275 513 1305 540 et
1338 504 1541 544 ordinamus,
1581 502 1666 550 quod
1704 503 1870 550 episcopus

1123 567 1186 589 non
1214 554 1445 600 constringatur
1466 553 1571 600 aliquo
1592 552 1694 587 bando
1721 552 1760 587 de
1793 564 1870 587 ven-

1123 603 1238 643 dendo,
1266 603 1312 637 vel
1346 602 1540 638 extrahendo
1566 601 1673 645 blada,
1709 601 1753 636 vel
1786 601 1869 645 vino,

1125 653 1169 687 vel
1193 652 1347 700 quidquid
1371 652 1409 686 de
1433 651 1588 686 fructibus
1613 659 1712 685 terrae
1736 650 1869 686 voluerit

1125 702 1202 736 intra
1235 702 1264 736 iu
1293 702 1431 738 civitate.
1466 700 1511 735 rel
1548 709 1648 739 extra,
1685 707 1778 745 prout
1811 700 1869 734 sibi

1125 751 1288 798 placuerit.
1317 746 1393 785 ti‘em
1427 750 1654 785 constituimus
1680 758 1711 784 et
1743 748 1871 784 ordina-

1125 813 1206 840 mus,
1228 800 1311 847 quod
1339 800 1509 847 episcopus
1523 807 1553 833 et
1573 798 1713 833 canonici
1737 811 1801 833 non
1825 806 1871 832 te-

1126 858 1258 884 neantur
1277 849 1397 885 solvere
1419 849 1565 884 salarium
1591 860 1646 894 pro
1662 848 1776 888 causis,
1795 860 1874 895 quas

1126 898 1293 934 habuerint
1321 900 1350 933 in
1377 899 1463 933 curia
1499 897 1728 932 Interamnensi
1766 909 1871 932 rerum

1125 949 1329 983 canonicatus
1352 956 1383 983 et
1410 948 1621 994 episcopatus.
1650 946 1727 981 ltem
1754 947 1874 985 consti·

1126 997 1243 1032 inimus
1265 1007 1295 1032 et
1323 997 1508 1032 ordinamus
1533 996 1616 1043 quod
1646 995 1723 1030 nulli
1745 1008 1873 1031 excom-

1127 1048 1288 1081 municato
1328 1047 1366 1081 ab
1404 1046 1583 1093 episcopo,
1614 1053 1645 1080 et
1683 1045 1875 1080 denunciato

1127 1095 1241 1131 iustitia
1265 1096 1317 1130 fiat
1348 1096 1378 1130 in
1408 1095 1494 1130 curia
1521 1094 1756 1130 communitatis
1791 1094 1875 1129 Inte-

1127 1145 1255 1190 amnaej,
1289 1146 1346 1180 nisi
1384 1145 1473 1192 prius
1509 1143 1709 1183 satisfecerit,
1742 1143 1875 1187 ethaeo

1127 1195 1263 1241 capitula
1278 1194 1501 1229 constituimus
1517 1202 1548 1227 et
1569 1193 1716 1227 volumus
1734 1205 1790 1240 per
1808 1205 1875 1232 nos,

1129 1252 1315 1290 nostrosque
1342 1254 1555 1282 successores,
1578 1251 1608 1277 et
1638 1255 1692 1288 pei·
1722 1242 1875 1289 populum

1128 1293 1396 1328 interamnensem
1427 1292 1515 1326 firma
1554 1300 1584 1326 et
1631 1300 1692 1326 rata
1726 1299 1877 1338 perpetuo

1130 1343 1239 1377 teneri.
1268 1342 1345 1377 Item
1376 1342 1598 1377 constituimus
1629 1348 1659 1375 et
1681 1341 1877 1379 ordinamus,

1128 1392 1213 1439 quod
1243 1391 1283 1426 dc
1310 1392 1458 1426 omnibus
1485 1391 1642 1438 expensiS,
1664 1402 1744 1437 quas
1770 1390 1875 1425 fecerit

1129 1441 1299 1488 episcopus
1330 1441 1360 1474 in
1384 1441 1488 1475 causis
1513 1447 1597 1474 extra
1625 1440 1780 1474 civitatem
1822 1450 1878 1486 pro

1131 1490 1295 1525 retinendo
1321 1498 1351 1525 et
1373 1489 1591 1536 recuperando
1631 1489 1814 1536 episcopatu
1847 1497 1876 1522 et

1131 1540 1196 1574 iura
1228 1539 1326 1585 ipsius
1355 1539 1557 1593 episcopatus
1584 1550 1654 1573 cum
1697 1537 1880 1575 hominibus

1130 1588 1183 1642 qui
1207 1600 1268 1622 non
1296 1596 1371 1622 sunt
1392 1600 1475 1622 cites
1495 1587 1706 1628 Inter,amnae
1728 1599 1879 1623 commu-

1132 1637 1210 1672 nitas
1242 1638 1308 1684 ips-i
1331 1645 1473 1671 teneatur
1506 1636 1607 1671 facere
1634 1649 1790 1683 expensas
1824 1649 1880 1683 pro

1133 1687 1222 1721 tertia
1239 1694 1336 1732 par,te
1351 1695 1381 1721 et
1398 1686 1455 1720 lioc
1472 1698 1572 1732 usque
1586 1685 1624 1720 ad
1641 1686 1750 1721 decem
1768 1698 1878 1721 annos.

1131 1735 1204 1782 quia
1242 1736 1318 1770 liaec
1351 1737 1456 1770 omnia
1486 1735 1698 1782 suprascripta
1729 1743 1802 1769 sunt
1839 1735 1879 1769 ob

1132 1785 1337 1819 reverentiam
1357 1793 1482 1819 sanctae
1500 1784 1672 1825 Ecclesiae,
1694 1792 1723 1819 et
1746 1789 1877 1819 vestram

1133 1842 1371 1881 vestrorumque
1393 1845 1632 1877 successorum,
1656 1842 1760 1869 nostra
1783 1846 1879 1871 mera,

1134 1883 1231 1924 bona,
1268 1883 1392 1930 propria
1433 1896 1467 1917 ac
1514 1891 1683 1929 spontanea
1725 1883 1880 1918 voluntate

1133 1932 1224 1967 nobis
1243 1933 1359 1979 placuit
1381 1932 1468 1972 dare,
1486 1932 1608 1968 tradere
1627 1940 1657 1967 et
1691 1933 1880 1968 constituere

1134 1994 1168 2017 ac
1186 1981 1342 2016 ordinare.
1366 1981 1501 2028 Insuper
1519 1982 1732 2029 promittimus
1753 1990 1783 2016 et
1805 1981 1882 2016 obli,-

1133 2043 1244 2077 gamus
1263 2044 1331 2074 nos,
1355 2039 1540 2078 nostrosque
1558 2043 1759 2066 successores
1776 2031 1806 2065 in
1822 2030 1881 2066 hoc

1134 2080 1236 2115 officio
1258 2081 1421 2120 extimi-os,
1440 2088 1470 2115 et
1489 2081 1640 2126 populum
1670 2079 1880 2115 {interamnen-

1135 2141 1199 2164 sem
1230 2129 1316 2164 vohis
1337 2129 1465 2164 domino
1486 2129 1645 2177 Rayuerio
1667 2130 1815 2175 episcopo
1836 2129 1881 2163 In-

1137 2188 1306 2219 teramnae,
1334 2186 1363 2213 et
1391 2179 1502 2213 vestris
1528 2178 1764 2214 successoribus
1792 2190 1882 2225 prae-

1136 2236 1224 2262 sente
1256 2228 1404 2273 magistro
1437 2227 1544 2262 Gratia
1576 2227 1738 2274 capellano
1762 2226 1881 2262 domiui

1137 2277 1239 2323 Papae
1271 2277 1468 2323 supradicto,
1507 2276 1634 2311 verbum
1669 2276 1698 2310 in
1731 2276 1883 2311 concione

1137 2338 1231 2372 super
1255 2326 1431 2372 praedictis,
1453 2333 1484 2360 et
1498 2325 1568 2360 aliis
1589 2325 1627 2360 ad
1647 2325 1797 2372 populum
1817 2338 1883 2372 pro-

1140 2382 1286 2421 ponente,
1318 2383 1349 2409 et
1384 2375 1574 2409 unanimiter
1606 2374 1722 2421 populo
1748 2386 1883 2409 consen-

1138 2425 1232 2459 tiente
1260 2424 1340 2459 lianc
1378 2424 1516 2459 chartam
1550 2431 1581 2459 et
1616 2422 1774 2458 dationem
1801 2423 1884 2458 dotis

1139 2473 1280 2508 omnium
1305 2473 1534 2520 praedictarum
1561 2484 1678 2516 rerum,
1701 2473 1884 2519 possessio—

1140 2534 1215 2557 num
1232 2549 1240 2562 ,
1274 2522 1454 2557 reddituum
1483 2534 1520 2557 ac
1547 2529 1732 2556 statutorum
1760 2533 1885 2569 semper

1141 2572 1172 2606 in
1202 2579 1390 2618 perpetuum
1417 2571 1538 2606 firmam
1569 2578 1686 2611 tenere,
1719 2578 1750 2605 et
1778 2579 1884 2607 contra

1142 2619 1228 2656 nullo
1247 2621 1340 2656 modo
1364 2621 1479 2656 venire.
1499 2619 1592 2662 Quod
1612 2619 1738 2667 quidem
1757 2620 1783 2656 si
1806 2620 1888 2655 hanc

1884 246 1935 275 An.
1953 246 1982 275 c.
1999 223 2066 274 mii
