2129 3223
395 272 459 302 101

341 337 394 383 qui
417 341 540 368 iocatur
561 333 676 365 Arton:
705 341 783 376 quae
811 329 937 376 qnitletn
961 328 1090 362 ecclesia

341 387 399 419 sita
421 392 467 418 est
496 383 579 415 iuxta
607 388 756 418 castrum,
785 377 868 424 qnod
899 384 1027 412 vocatur
1054 375 1092 410 de

341 433 436 468 Guid.
465 429 577 465 Casale
603 428 642 463 de
669 427 802 463 Maliana
824 439 896 462 cuni
926 426 1017 469 turri,
1049 426 1091 458 ri-

341 482 422 522 neis,
449 479 532 526 agris
555 478 649 514 cultis
670 485 700 512 et
723 476 861 517 incultis,
891 477 998 523 pratis7
1026 474 1092 521 syl-

342 532 398 575 vis,
415 530 518 577 aquis,
541 536 571 563 et
583 539 736 574 aquarum
753 524 949 561 decursibus.
965 524 1092 563 Vineas,

341 593 419 628 quas
438 580 467 614 iu
487 576 649 620 Marcello,
672 576 701 610 in
725 575 869 615 Rosario,
892 582 921 607 et
945 574 973 607 in
998 572 1092 619 pratis

342 630 445 676 Papae
467 626 649 675 possidetis,
672 637 743 659 cuni
761 625 869 671 pratis,
893 632 921 657 et
940 622 1009 657 aliis
1026 633 1093 669 per-

342 678 481 713 tinentiis
507 677 589 711 suis:
618 675 725 709 vineas
747 673 852 717 etiam,
883 680 912 706 et
937 680 1033 706 terras
1062 672 1091 705 in

343 732 488 778 Virgine:
525 729 651 768 molam,
679 739 773 774 quarn
809 727 837 760 in
875 725 1003 760 flumine
1028 725 1093 772 Ty-

343 787 426 820 beris
447 783 580 825 habetis,
607 791 636 816 et
658 789 798 828 quartam
824 788 940 826 partem
965 779 1093 814 alterius

344 840 460 874 molae:
499 837 600 872 casale
622 837 653 870 in
675 847 788 881 campo
807 834 845 867 ‹le
867 833 1006 872 Merulis,
1028 841 1093 868 ter-

343 906 391 927 ras
416 894 446 927 in
474 890 643 932 Marcello,
676 897 774 923 terras
798 888 828 921 in
857 887 1092 931 Ventrebublo,

341 959 412 981 curn
440 945 509 980 aliis
536 943 696 982 omnibus,
730 953 810 988 quae
844 942 875 975 in
902 942 1092 987 praesentia-

342 1012 410 1034 rum
434 1000 514 1033 iuste
537 1005 566 1032 et
593 996 746 1031 canonice
781 994 956 1040 possidetis,
991 996 1036 1029 vel
1060 996 1090 1029 in

342 1054 480 1087 futurum
508 1050 662 1096 largiente
696 1048 832 1082 Domino
861 1047 1002 1093 poteritis
1024 1049 1093 1083 adi-

342 1106 430 1151 pisci.
458 1103 669 1139 Decet-nimus
699 1113 773 1147 ergo
801 1109 831 1134 ut
862 1101 936 1134 nulli
962 1102 1092 1137 omnino

342 1159 504 1192 bominum
529 1157 618 1191 liceat
653 1155 790 1189 honores
822 1162 848 1188 et
877 1154 956 1188 bona
980 1167 1093 1202 saepe-

147 282 194 308 An.
213 281 239 306 C,
257 281 323 307 lt‘J'J

341 1212 420 1247 fatae
447 1211 605 1245 Ecclesiae
628 1209 779 1250 vendere,
799 1208 830 1241 in
854 1207 981 1242 feudum
1005 1208 1091 1248 darc,
1112 1221 1114 1232 ³

341 1273 393 1299 aut
414 1265 453 1299 ab
475 1263 583 1299 eadem
605 1262 749 1298 Ecclesia
773 1260 875 1295 modis
897 1261 1093 1307 quibuslibet

341 1317 495 1360 alienare,
524 1318 623 1363 ipsam
663 1314 836 1349 Ecclesiam
865 1322 984 1349 temere
1020 1328 1092 1361 per-

342 1371 469 1406 turbare
491 1379 560 1408 etc„
586 1369 668 1404 salva
692 1368 784 1403 Sedis
812 1367 1013 1414 Apostolicae
1035 1381 1092 1402 au-

342 1425 495 1459 ctoritate.
527 1423 559 1457 Si
589 1434 649 1469 qua
668 1422 764 1467 igitur
784 1430 835 1454 etc.

392 1477 461 1511 Dat.
502 1476 647 1511 Lateran.
691 1486 745 1520 per
778 1486 904 1508 manum
947 1474 1092 1511 Rainaldi

342 1530 549 1564 Acheruntini
579 1527 810 1575 archiepiscopi
839 1528 1016 1563 cancellarii
1048 1530 1093 1564 vi-

342 1596 409 1618 cem
446 1583 566 1629 agentis
593 1582 716 1616 decimo
752 1580 811 1615 kal.
840 1581 982 1626 augusti,
1010 1582 1093 1616 indi-

342 1639 445 1672 ctione
471 1636 625 1671 secunda:
663 1634 888 1668 incarnationis
916 1633 1094 1670 dominicae

343 1702 426 1725 anno
459 1701 599 1733 mcxcix,
635 1688 836 1736 pontificatus
872 1700 945 1723 vero
973 1687 1093 1723 domini

343 1743 519 1779 Innocentii
541 1743 646 1790 Papae
672 1741 713 1776 tlt
735 1754 818 1776 anno
844 1741 994 1776 secundo.

413 1800 473 1830 Dat.
493 1800 539 1830 die
562 1798 601 1829 23
622 1799 686 1829 iulii
707 1808 782 1828 anno
805 1797 920 1828 Domini
941 1798 1025 1834 1199,

596 1842 698 1882 pontif.
722 1852 798 1872 anno
818 1851 846 1871 n.

660 1977 784 2012 xxvtt.

435 2050 655 2087 Marcovatdus
687 2061 706 2082 a
732 2050 863 2081 censuris
897 2050 1011 2082 solutus

581 2100 783 2134 denunciatur
806 2101 866 2139 (Δ).

618 2172 832 2204 SUtttMARtUM

348 2237 445 2272 Quare
467 2236 658 2266 Innocentius
681 2233 894 2264 Marcovaldum
914 2232 1027 2262 duxerit
1046 2231 1098 2260 ab*

390 2280 575 2311 solvendum.
602 2295 640 2301 -—
661 2277 758 2307 'senor
787 2275 1099 2307 excommunicationis

388 2330 475 2355 antea
494 2326 523 2354 in
542 2332 608 2353 eum
629 2323 713 2352 latae.
732 2338 771 2344 —
792 2319 993 2350 Marcovaldus
1013 2328 1101 2358 spon-

392 2369 456 2403 det,
479 2377 510 2397 se
535 2367 629 2406 Papae
657 2365 801 2396 mandatis
821 2365 1101 2403 obtemperaturum.

392 2430 430 2435 -
463 2412 543 2448 Quae
566 2412 592 2441 ei
626 2410 807 2441 mandaverit
834 2408 1033 2439 Innocentius.
1065 2422 1101 2428 -

395 2457 511 2487 Siculos
531 2457 565 2486 ad
581 2456 664 2486 sidem
685 2464 738 2484 suo
762 2455 823 2491 regi
847 2453 1019 2483 servandam
1039 2452 1103 2482 bor-

395 2506 478 2531 tatur.

391 2562 429 2595 (t)
448 2562 483 2588 Ex
503 2562 601 2593 Baluz.,
618 2561 701 2596 Epist.
772 2576 799 2580 -
814 2561 888 2587 Hunc
905 2558 1103 2587 Marcovaldum

356 2601 475 2644 censuris
490 2601 523 2627 ab
539 2601 588 2627 hoc
606 2600 729 2627 Pontifice
746 2599 899 2626 innodatum
921 2598 1036 2625 vidimus
1054 2605 1102 2624 su-

358 2645 457 2675 pertus.

931 275 1008 297 lll'lJ.
1019 273 1114 295 itum!
1146 270 1308 293 HOMANUM

1897 265 1943 291 An.
1962 264 1988 291 C.
2011 265 2077 291 ¹199

1111 330 1114 348 ³
1132 327 1306 357 Innocentius
1324 327 1464 363 episcopus
1480 333 1574 355 servus
1594 332 1734 354 sorvorum
1753 324 1809 358 Dei.
1835 331 1881 354 at-

1177 371 1363 407 cbiepiscopis,
1381 370 1523 407 episcopis.
1549 369 1702 402 comitibus,
1723 369 1879 401 baronibus.

1177 417 1290 447 civibus.
1312 417 1341 445 at
1360 415 1485 444 universo
1504 415 1602 451 populo
1621 414 1649 443 iu
1667 420 1753 449 regno
1776 413 1882 442 Siciliae

1177 461 1355 490 conutitutis.

1908 524 1977 551 Quare
2015 523 2087 555 luna-5

1182 523 1231 558 Ati
1266 522 1575 563 reconciliationem,
1609 529 1639 556 et
1666 521 1879 569 receptionem
1939 555 1952 574 Ι,
1997 552 2014 574 w

1133 571 1338 612 Marcomldi,
1365 580 1395 606 et
1427 571 1566 606 debitum
1590 569 1682 605 officii
1707 571 1880 617 pastoralis,
1896 560 1979 606 221⁰&ss
1997 559 2080 605 31ξῖξῖῑῖ

1133 635 1195 669 quo
1219 630 1363 656 tenemur
1385 632 1495 655 omnes
1519 619 1556 654 ad
1580 620 1660 654 viam
1685 619 1882 654 rectitudinis
1895 615 2053 636 ³b⁵⁰¹'⁶⁰‘¹¹¹“¹·

1133 683 1295 713 revocare,
1318 681 1354 704 ac
1380 669 1549 704 redeuntes
1573 669 1722 715 recipere,
1750 680 1808 703 nos
1834 669 1882 703 in-

1133 720 1240 764 duxit,
1264 727 1293 754 et
1325 726 1427 765 optata
1459 718 1544 764 regni
1569 717 1775 764 tranquillitas
1802 718 1882 751 inri-

1135 770 1222 803 tavit:
1246 776 1280 803 ut
1307 767 1413 808 simul,
1437 775 1467 802 ct
1486 767 1724 801 humiliaremus
1746 766 1882 810 hostem,

1133 827 1164 852 et
1191 817 1390 852 humiliatum
1423 824 1454 852 et
1487 815 1703 864 poenitentem
1738 815 1806 850 eius
1836 827 1883 850 re·

1134 866 1312 914 ciperemus
1339 865 1505 912 exemplo,
1534 866 1584 912 qui
1614 877 1676 899 non
1705 864 1770 899 vult
1797 876 1883 900 mor-

1134 923 1195 950 tem
1221 916 1404 962 peccatoris⁷
1428 914 1481 949 sed
1507 922 1538 948 ut
1558 914 1657 959 tnagis
1684 921 1883 949 convertatur

1133 972 1161 999 et
1187 964 1279 999 vivat:
1309 967 1361 1012 qui
1387 963 1593 1003 Cananaeam,
1621 971 1651 997 et
1672 960 1881 998 Publicanum

1134 1025 1195 1047 non
1219 1014 1321 1048 solum
1346 1013 1462 1047 vocavit
1490 1012 1527 1047 ad
1554 1011 1791 1059 poenitentiam,
1825 1010 1880 1046 sed

1133 1069 1164 1096 et
1181 1062 1282 1096 traxit.
1313 1061 1353 1097 Ut
1375 1069 1479 1096 autem
1507 1073 1601 1107 super
1623 1060 1718 1096 modo
1745 1061 1881 1096 reconci-

1134 1111 1271 1146 liationis
1301 1111 1400 1157 ipsius
1421 1122 1484 1145 non
1509 1110 1607 1156 possit
1629 1109 1667 1144 ab
1689 1109 1796 1156 aliquo
1822 1109 1881 1144 du-

1134 1159 1245 1200 bitari,
1295 1159 1425 1194 formam
1469 1158 1804 1194 excommunicationis
1851 1166 1883 1193 et

1135 1209 1366 1256 praeceptionis
1397 1207 1614 1255 praesentibus
1648 1207 1796 1242 duximus
1824 1207 1883 1242 lit-

1134 1258 1209 1292 teris
1232 1256 1460 1304 explicandam.
1491 1256 1604 1291 Forma
1632 1256 1884 1291 excommunica-

1135 1306 1228 1341 tionis
1255 1306 1332 1341 haec
1355 1306 1421 1340 fuit.

1184 1355 1504 1390 Excommunicamus
1525 1363 1553 1388 et
1582 1352 1883 1388 anathematizamus
1896 1358 1968 1394 renor-
1993 1361 2079 1395 oinom-

1134 1417 1170 1438 cx
1195 1412 1280 1450 parte
1308 1404 1363 1438 Dei
1394 1403 1636 1449 omnipotentis,
1661 1411 1690 1437 et
1720 1402 1880 1437 beatorum
1895 1390 2079 1441 „nnifflfflffi'mssifm

1134 1453 1217 1487 Petri
1240 1461 1270 1487 et
1297 1452 1385 1487 Pauli
1413 1452 1626 1497 apostolorum
1654 1451 1722 1486 eius
1743 1451 1958 1486 auctori-¹³¹*-

1136 1510 1207 1541 tate‚
1236 1509 1265 1536 et
1289 1509 1408 1540 nostra,
1437 1500 1687 1539 Marcovaldum,
1714 1507 1745 1533 et
1771 1512 1882 1534 omnes

1136 1550 1272 1584 fautores
1294 1550 1364 1584 eius
1398 1556 1459 1583 tam
1484 1550 1679 1588 tcutonicos,
1711 1561 1804 1594 quani
1838 1548 1884 1583 ia-

1135 1599 1233 1633 tinos:
1271 1598 1448 1645 specialiter
1470 1597 1682 1644 Diopuldutn⁷
1709 1596 1882 1638 Othonem,

1136 1647 1322 1691 siffredum,
1345 1655 1374 1681 et
1397 1646 1555 1681 Othonem
1579 1645 1617 1680 de
1641 1645 1780 1685 Larian„
1807 1645 1885 1680 Her-

1137 1708 1300 1739 mannum‚
1333 1703 1361 1730 et
1395 1694 1606 1729 Castellanum
1643 1694 1795 1737 Sorellae,
1829 1695 1882 1741 qui

1138 1744 1352 1791 principaliter
1378 1743 1549 1777 adhaerent
1571 1742 1782 1777 marcovaldo:
1811 1745 1883 1789 qnia

1137 1805 1207 1828 cum
1243 1793 1325 1827 idem
1361 1791 1577 1826 Marcovaldus
1610 1804 1625 1825 a
1659 1792 1780 1826 dilectis
1814 1792 1885 1826 liliis

1138 1842 1253 1877 nostris
1279 1840 1315 1876 C.
1339 1840 1420 1875 tituli
1443 1840 1549 1875 Sancti
1572 1840 1733 1875 Laurentii
1767 1841 1797 1875 in
1821 1840 1885 1875 Lu-

1138 1891 1220 1930 cina,
1247 1898 1278 1925 et
1300 1889 1322 1924 l.
1351 1889 1429 1924 tituli
1451 1888 1585 1924 Sanctae
1606 1889 1734 1924 Priscae
1755 1888 1885 1937 presby-

1139 1939 1214 1974 teris
1243 1938 1468 1979 cardinalibus,
1496 1937 1694 1984 Apostolicae
1720 1937 1812 1973 Sedis
1834 1939 1885 1972 le-

1139 1990 1220 2035 gatis
1241 1988 1452 2022 commonitus
1475 1986 1578 2029 suerit,
1607 1996 1641 2022 ut
1669 1987 1708 2021 ab
1737 1987 1886 2022 ecclesia-

1141 2050 1207 2071 rum
1243 2044 1272 2071 et
1307 2036 1446 2071 villarum
1477 2036 1623 2071 incendio
1651 2044 1681 2070 et
1717 2036 1887 2071 vastatione

1140 2093 1293 2126 cessaret,
1325 2098 1405 2132 quae
1429 2085 1459 2119 in
1483 2097 1593 2120 eorum
1616 2085 1718 2120 oculis
1739 2085 1887 2120 commit-

1141 2134 1235 2174 tebat,
1257 2142 1287 2169 et
1309 2134 1480 2168 exercitum
1504 2133 1693 2177 dimitteret,
1721 2134 1812 2169 cuius
1834 2146 1887 2168 oc—

1142 2183 1267 2218 casione
1291 2191 1351 2217 tota
1381 2183 1444 2217 fere
1466 2183 1604 2218 Mareliia
1627 2182 1816 2223 vastabatur,
1838 2195 1889 2216 eo-

1143 2245 1209 2266 rum
1234 2232 1360 2266 monitis
1389 2245 1449 2266 non
1472 2231 1637 2266 satisfecit:
1662 2239 1788 2279 propter
1802 2231 1886 2278 quod

1142 2281 1181 2316 ab
1208 2281 1253 2315 eis
1275 2281 1566 2315 excommunicatus
1587 2279 1659 2315 suit:
1688 2288 1717 2314 et
1744 2280 1815 2326 quia
1846 2281 1889 2314 iu-

1144 2338 1318 2364 ramentum
1343 2329 1503 2364 multoties
1523 2329 1614 2364 nobis
1629 2330 1810 2375 praestitum
1828 2330 1889 2363 vio-

1143 2379 1216 2418 lare,
1239 2390 1274 2413 at:
1296 2379 1519 2425 patrimonium
1550 2378 1708 2412 Ecclesiae
1743 2379 1887 2412 invadere

1143 2441 1177 2462 ac
1198 2428 1340 2462 detinere
1354 2427 1590 2474 praesumpsit:
1614 2435 1643 2461 et
1660 2438 1743 2460 nunc
1757 2438 1886 2472 regnum

1122 2449 1287 2526 iSiciliae‚
1323 2476 1406 2523 quod
1443 2477 1480 2511 ad
1514 2476 1562 2510 ius
1597 2486 1627 2510 et
1651 2471 1886 2521 ‘proprietatem

1145 2526 1223 2560 beati
1257 2524 1339 2559 Petri
1376 2525 1532 2572 pertinere
1559 2523 1770 2570 dignoscitur.
1798 2525 1890 2558 cuius

1144 2574 1262 2609 balium
1281 2587 1352 2609 cum
1368 2575 1447 2619 regis
1460 2573 1552 2608 tutela
1576 2573 1704 2607 illustris
1719 2573 1888 2608 memoriae

1121 2622 1182 2665 fC.
1211 2623 1390 2670 imperatrix
1420 2622 1508 2657 nobis
1540 2629 1726 2656 testamento
1752 2621 1888 2669 reliqu-it,
