2129 3223
67 248 119 276 Aa.
136 249 165 276 C.
182 249 251 276 ¹265

69 942 210 964 tunm-num
219 944 245 964 de

61 980 104 996 non
151 979 246 995 eonsen-

61 1005 134 1026 tiendo
144 1005 245 1026 electioni

62 1038 94 1058 nui
111 1036 131 1056 in
152 1036 246 1063 impen-

62 1072 129 1089 torem
151 1067 185 1088 vel
209 1072 245 1088 re-

61 1103 107 1124 gem
137 1097 245 1118 Romano-

61 1135 113 1153 rum,
129 1131 170 1149 etc.

78 2101 144 2123 Sectis
160 2103 249 2127 agentes

66 2139 79 2153 ι
93 2134 138 2153 iure
148 2132 207 2158 regni
216 2137 251 2152 ca-

67 2163 124 2184 dent.

885 246 1030 270 CLEMBNS
1061 247 1093 268 lv
1121 246 1168 268 ΡΡ,

1671 230 1733 263 751

265 305 468 352 personaliter
492 305 701 340 iuramentum
731 303 897 347 fidelitatis,
925 312 954 338 et
975 303 1007 337 li·
1047 301 1297 337 nominationem
1329 300 1367 334 de
1396 299 1517 346 imperii
1553 298 1638 346 regni
1673 296 1788 332 Roma-

263 353 348 400 gium
377 354 556 401 homagium
579 353 723 388 Romano
745 352 889 388 Pontifici
910 362 940 388 et
963 352 1007 387 ei·
1048 363 1171 391 norum,
1198 362 1254 385 seu
1277 350 1363 396 regni
1385 348 1594 386 Theutoniae,
1621 355 1673 383 aut
1693 346 1791 381 Lom-

263 403 334 438 dem
361 403 532 448 Ecclesiae,
555 402 729 438 dummodo
756 403 792 437 ad
821 402 896 437 haec
919 401 1007 437 vobis

264 453 365 487 locum
398 461 500 488 tutum
525 461 660 487 statuant
688 461 716 487 et
749 452 926 498 assignent,
958 451 1006 486 vel

261 502 397 550 aliquem
409 502 598 538 cardinalem
615 502 711 548 ipsius
727 500 884 540 Ecclesiae
898 501 1006 541 alium,

261 552 314 599 qui
342 552 408 587 vice
441 552 577 587 Romani
605 551 766 585 l’ontilicis
794 551 1005 585 iuramentum

262 601 343 636 iuxta
370 601 514 636 eamdem
539 601 669 636 formam
697 608 725 635 et
754 600 934 647 homagium
957 612 1007 634 re-

260 651 354 697 cipiat
377 650 545 695 destinare,
561 662 679 698 vosque
701 650 862 697 praedicto
874 650 1007 684 Summo

260 699 405 735 Pontifici
434 708 462 734 et
502 700 664 735 Ecclesiae
697 700 727 734 in
763 700 872 734 vestris
904 699 1007 733 nomi—

261 749 366 793 nibus,
388 749 534 784 manibus
557 749 682 787 iunctis,
711 748 747 783 ad
777 761 924 796 praesens
952 760 1006 782 vos

259 799 296 833 ad
321 799 398 833 haec
420 799 595 844 specialiter
616 798 802 843 obligantes,
825 808 853 832 et
873 807 932 832 tam
953 810 1006 832 vos

259 849 391 895 singulis
412 848 481 883 eius
513 848 759 887 successoribus,
783 860 875 893 qnam
913 847 1005 881 vestri

261 897 291 932 in
313 897 399 932 dicto
420 909 516 944 regno
538 897 690 932 haeredes
713 896 850 944 praefato
872 896 1006 930 Summo

261 946 403 981 Pontifici
438 956 469 982 et
500 946 633 993 singulis
671 947 738 980 eius
766 945 1006 981 successoribus

259 1007 294 1031 ac
316 995 490 1044 praedictae
515 996 677 1030 Ecclesiae
704 996 829 1042 quando
861 1003 1005 1041 praesta-

260 1045 333 1081 bitis
366 1045 549 1080 huiusmodi
574 1045 785 1079 iuramentum
823 1044 1005 1084 fidelitatis,

259 1094 400 1130 iurabitis
422 1108 476 1130 vos
502 1095 539 1130 atl
563 1095 638 1129 haec
660 1094 838 1142 specialiter
864 1093 1006 1139 obligan—

259 1152 321 1186 tes,
347 1144 432 1192 quod
461 1157 622 1192 nunquam
650 1156 705 1191 per
731 1156 803 1184 vos,
837 1143 883 1178 vel
910 1144 1005 1182 alios,

258 1206 314 1229 scu
331 1206 532 1241 quocumque
554 1194 648 1228 modo
671 1192 883 1240 periurabitis,
904 1200 937 1226 ut
955 1192 1007 1227 eli-

257 1243 374 1290 gamini
411 1243 458 1278 vel
497 1243 702 1278 nominemini
736 1243 767 1277 in
804 1254 925 1288 regem,
957 1240 1005 1275 vel

259 1293 424 1340 imperium
440 1292 618 1328 Romanum
639 1295 694 1335 (l),
710 1292 755 1327 vel
772 1303 876 1337 regem
898 1290 1006 1325 Theu-

259 1343 375 1383 toniae,
414 1354 468 1377 seu
496 1342 669 1377 dominium
704 1340 912 1376 Lombardiae
950 1351 1004 1374 seu

258 1391 411 1435 Tusciae,
451 1391 498 1426 vel
539 1391 664 1426 maioris
698 1391 794 1437 partis·
824 1389 1004 1424 earumdem

259 1440 467 1476 Lombardiae
495 1441 540 1475 vel
573 1440 715 1475 Tusciae.
743 1439 782 1474 Et
816 1440 841 1474 si
875 1439 1006 1474 electio-

259 1502 331 1525 nem
355 1490 401 1525 vel
419 1490 665 1525 nominationem
688 1489 724 1524 ad
749 1489 917 1536 imperinm
957 1488 1004 1522 vel

259 1551 391 1586 regnum
413 1539 608 1580 Romanum,
630 1552 683 1574 sen
713 1550 843 1585 reguum
863 1538 1007 1572 Theuto-

259 1590 340 1633 uiae,
373 1597 426 1624 aut
452 1589 490 1623 ad
513 1589 686 1624 dominium
718 1587 926 1623 Lombardiae
959 1588 1027 1626 vet,

258 1638 392 1674 Tusciae
440 1651 496 1673 seu
531 1639 659 1673 maioris
694 1638 790 1684 partis
821 1636 1027 1676 earumdem¹

259 1688 298 1723 de
325 1687 412 1722 vobis
433 1687 584 1723 celebrari
607 1688 788 1734 contigerit3
811 1687 932 1720 nullum
952 1685 1008 1720 hu-

260 1738 396 1772 iusmodi
423 1736 568 1772 electioni
591 1737 638 1771 vel
673 1736 879 1770 nominationi
903 1747 1007 1769 assen-

259 1798 328 1820 sum
368 1786 580 1833 praestabitis,
618 1798 674 1820 nec
710 1785 922 1819 intromittetis
952 1796 1007 1818 vos

263 1834 326 1870 ullo
365 1834 459 1870 modo
493 1835 532 1870 de
565 1835 720 1882 regimine
752 1834 851 1882 ipsius
883 1834 1006 1879 imperii

262 1884 309 1919 vel
337 1884 425 1931 regni
448 1884 682 1925 Romanorum,
705 1896 761 1918 seu
791 1884 877 1930 regni
899 1883 1008 1917 Theu-

261 1933 375 1975 toniae,
397 1942 450 1969 aut
471 1933 690 1977 Lombardiae,
716 1946 770 1968 seu
793 1933 936 1976 Tusciae,
960 1932 1007 1967 vel

261 1988 390 2023 maioris
417 1988 514 2035 partis
542 1989 691 2035 ipsarum,
720 1987 758 2022 ad
786 1986 1009 2034 quodcumque

261 2041 375 2077 horum
399 2042 552 2076 nominati
576 2041 696 2076 fueritis
718 2040 768 2075 vel
791 2041 892 2075 electi.
915 2039 1008 2081 Quod

262 2095 288 2130 si
311 2107 365 2130 vos
388 2094 434 2129 vel
456 2095 552 2142 aliqui
575 2102 750 2129 vestrorum
787 2094 817 2128 in
841 2106 938 2140 regno
960 2106 1009 2128 se-

263 2149 406 2185 dentium
435 2149 605 2183 haeredum
633 2148 744 2183 codem
768 2148 1011 2196 procurantibus

264 2203 353 2238 vobis
393 2211 446 2237 aut
467 2203 514 2237 eis
538 2202 575 2237 ad
600 2202 767 2248 imperium
800 2203 916 2249 ipsum,
946 2202 1010 2236 sive

264 2256 302 2291 ad
329 2256 448 2291 dictum
476 2268 606 2301 regnum
627 2254 853 2298 Romanorum,
876 2256 941 2290 sive
960 2267 1011 2290 re-

264 2319 362 2357 gnum
386 2309 599 2353 Theutnniae,
632 2318 682 2343 aut
717 2308 891 2343 dominium
915 2309 1012 2343 Lom-

267 2363 409 2404 bai-diae,
436 2375 490 2397 seu
514 2362 661 2401 Tusciae,
684 2363 732 2396 vel
763 2363 887 2397 maioris
918 2362 1012 2408 partis

266 2429 372 2452 earum
408 2416 497 2451 electi
530 2417 575 2451 vel
611 2416 760 2450 nominati
796 2415 931 2455 fueritis,
965 2417 1011 2450 vel

268 2470 395 2512 suerint,
418 2471 444 2505 si
469 2471 527 2505 hoc
551 2482 659 2505 verum
678 2478 707 2504 et
732 2470 927 2504 manifestum
950 2469 1014 2504 sue-

269 2525 325 2565 rit,
358 2534 411 2560 aut
445 2525 469 2559 si
503 2532 572 2572 post
611 2525 702 2558 talem
740 2523 925 2558 electionem
965 2524 1013 2559 vel

306 2595 345 2632 (l)
361 2595 478 2622 Martene
494 2595 534 2622 hic
554 2599 579 2622 et
599 2595 657 2622 alibi
676 2595 749 2629 legit:
768 2598 793 2621 in
811 2604 895 2627 reyem
908 2597 945 2621 uel
961 2598 1012 2621 int-

268 2639 420 2670 pcrutorem
436 2654 490 2663 .....
511 2644 555 2662 seu
572 2639 708 2662 domiuum
727 2636 908 2662 tonnam-ame.

1047 400 1184 441 bardiae,
1200 401 1265 434 sive
1286 399 1430 439 Tusciae,
1445 410 1499 433 seu
1513 398 1640 433 maioris
1653 397 1789 444 ipsarum

1049 451 1141 498 partis
1163 449 1316 497 regimine
1343 461 1396 483 vos
1417 447 1582 483 manifeste
1611 447 1791 482 intromise-

1048 500 1115 535 ritis
1150 499 1197 533 vel
1226 498 1470 537 intromiserint·,
1504 509 1541 532 eo
1575 497 1643 543 ipso
1676 508 1691 531 a
1725 496 1791 530 iure

1049 549 1133 595 regni
1156 548 1280 584 Siciliae
1302 557 1332 582 et
1356 555 1455 582 terrae
1477 546 1652 594 praedictae
1674 545 1791 580 cadatis

1048 599 1094 633 vel
1117 598 1281 634 cadantex
1305 606 1379 637 toto,
1403 597 1533 644 ipsaque
1553 607 1682 643 prorsus
1701 596 1791 630 amit-

1048 649 1118 683 tatis
1144 657 1175 683 et
1205 648 1366 691 amittant,
1399 654 1429 680 et
1455 646 1564 681 eadem
1597 657 1727 690 regnum
1761 653 1790 678 et

1048 706 1127 732 terra
1149 697 1187 732 ad
1210 697 1384 732 Romanam
1408 695 1581 730 Ecclesiam
1611 694 1707 729 libere
1733 693 1792 728 de-

1049 747 1221 782 volvantur.
1250 746 1282 781 Si
1305 753 1409 780 autem
1433 757 1506 788 vos,
1534 751 1585 778 aut
1613 744 1726 790 aliquis
1753 756 1790 778 ex

1049 796 1213 843 praedictis
1256 794 1446 830 haeredibus
1474 793 1619 828 electioni
1652 793 1699 828 vel
1733 805 1792 827 no-

1048 846 1207 880 minationi
1236 845 1346 888 factae,
1368 856 1424 879 seu
1448 843 1506 877 iuri
1529 843 1658 877 omuino
1680 854 1795 877 renun-

1047 895 1134 930 cietis
1160 904 1191 930 et
1213 895 1412 938 renuncient,
1432 901 1461 928 et
1482 892 1566 940 quod
1590 892 1628 926 de
1660 892 1792 939 imperio

1046 956 1100 979 εει]
1129 945 1235 992 aliquo
1267 944 1329 979 alio
1357 942 1612 990 praemissorum,
1641 940 1680 976 ad
1707 941 1792 989 quod

1046 995 1136 1028 electi
1167 1006 1222 1029 seu
1257 992 1409 1028 nominati
1443 991 1564 1026 fueritis
1598 991 1644 1026 vel
1677 990 1792 1025 fuerint

1047 1056 1101 1078 vos
1131 1043 1313 1078 nullatenus
1339 1041 1553 1076 intromittatis
1578 1049 1607 1074 et
1636 1041 1793 1075 intromit-

1046 1101 1124 1137 tant,
1144 1093 1256 1128 moniti
1283 1091 1361 1127 infra
1383 1099 1518 1138 quatuor
1545 1091 1701 1124 mensium
1723 1102 1794 1136 spa-

1045 1143 1122 1176 tium
1148 1151 1217 1189 post
1242 1141 1487 1176 nominationem
1515 1139 1716 1177 huiusmodi,
1739 1139 1790 1174 tali

1045 1192 1192 1226 electioni
1237 1191 1281 1225 vel
1312 1189 1516 1225 nominationi
1550 1201 1605 1223 seu
1641 1189 1699 1223 iuri
1728 1200 1791 1223 non

1047 1241 1298 1276 renuntiaveritis
1326 1239 1372 1274 vel
1395 1239 1657 1278 renuntiaverint,
1683 1238 1728 1272 vel
1752 1237 1792 1272 de

1047 1291 1115 1338 ipso
1150 1290 1282 1337 imperio
1308 1289 1358 1324 vel
1391 1288 1430 1323 de
1463 1287 1568 1335 aliquo
1595 1288 1792 1335 praemisso-

1048 1353 1133 1384 rum,
1163 1339 1201 1374 ad
1232 1338 1316 1386 quod
1339 1338 1428 1373 electi
1456 1349 1512 1372 seu
1541 1337 1692 1372 nominati
1724 1336 1792 1371 fne-

1047 1389 1113 1423 ritis
1143 1389 1190 1423 vel
1224 1388 1357 1432 fuerint,
1387 1399 1442 1422 vos
1469 1386 1717 1429 intromiseritis,
1746 1386 1791 1420 vel

1046 1438 1272 1473 intromiserim
1296 1435 1533 1485 quoquomodo,
1561 1448 1597 1470 ex
1625 1436 1685 1470 boc
1711 1435 1792 1474 sitis,

1046 1496 1075 1522 et
1097 1488 1157 1522 sint
1179 1487 1298 1522 eisdem
1323 1498 1421 1533 regno
1443 1485 1571 1520 Siciliae
1598 1494 1628 1521 et
1656 1494 1736 1519 terra
1763 1493 1793 1519 et

1046 1538 1132 1572 omni
1160 1549 1291 1584 prorsus
1318 1537 1386 1571 iure
1408 1534 1591 1570 eorumdem
1617 1535 1740 1582 privati,
1764 1544 1793 1569 ct

1047 1598 1079 1620 ut
1113 1587 1230 1621 dictum
1259 1594 1316 1626 est,
1351 1585 1459 1620 eadem
1487 1597 1619 1630 regnum
1648 1593 1678 1618 et
1712 1592 1792 1618 terra

1046 1637 1084 1670 ad
1112 1636 1284 1670 Romanam
1309 1635 1482 1669 Ecclesiam
1506 1634 1602 1668 libere
1624 1633 1794 1667 devolvan-

1048 1696 1107 1720 tur.
1135 1685 1168 1720 Si
1191 1697 1264 1720 vero
1281 1685 1319 1719 ad
1333 1697 1398 1723 vos,
1415 1683 1459 1718 vel
1480 1683 1510 1717 in
1533 1683 1616 1717 dicto
1644 1694 1740 1729 regno
1754 1683 1792 1717 ad

1047 1734 1200 1769 haeredes
1232 1742 1353 1769 vestros
1384 1745 1446 1767 non
1482 1733 1594 1779 poterit
1629 1732 1794 1767 commode

1047 1784 1118 1818 talis
1141 1784 1273 1818 monitio
1295 1783 1470 1830 provenire,
1486 1794 1581 1828 super
1601 1793 1666 1828 quo
1687 1781 1794 1829 utique

1049 1833 1286 1879 impedimento,
1301 1831 1445 1866 videlicet
1465 1830 1550 1878 quod
1574 1831 1695 1866 moneri
1712 1843 1796 1866 com-

1048 1882 1140 1917 mode
1172 1882 1336 1929 nequeatis
1371 1880 1418 1916 vel
1445 1889 1620 1928 nequeant,
1651 1881 1796 1915 credetur

1048 1940 1078 1966 et
1105 1931 1239 1966 stabitur
1264 1930 1430 1966 assertioni
1456 1929 1591 1964 Romani
1614 1929 1794 1970 pontilicis,

1050 1982 1100 2016 liet
1119 1981 1248 2016 monitio
1271 1980 1395 2028 publica
1411 1987 1440 2015 et
1459 1979 1627 2014 solemnis:
1651 1980 1692 2014 ita
1710 1979 1794 2027 quod

1049 2031 1074 2065 si
1102 2030 1180 2065 infra
1208 2043 1262 2065 sex
1295 2041 1420 2065 meuses
1446 2037 1516 2076 post
1541 2029 1625 2063 illam
1652 2041 1714 2063 non
1738 2041 1795 2063 re-

1050 2080 1267 2115 nuntiaveritis
1297 2092 1352 2114 sen
1386 2078 1648 2117 renuntiaverint,
1676 2085 1728 2113 aut
1756 2078 1794 2112 de

1051 2130 1192 2176 imperio,
1211 2142 1265 2164 seu
1288 2129 1327 2164 de
1348 2129 1452 2176 aliquo
1470 2127 1530 2162 alio
1554 2127 1794 2174 praedictorum.

1021 2179 1087 2213 ,ad
1122 2191 1203 2225 quae
1242 2191 1296 2213 vos
1337 2178 1384 2213 vel
1413 2178 1486 2212 dicti
1528 2177 1677 2212 haeredes
1703 2176 1792 2212 electi

1050 2240 1106 2262 seu
1141 2228 1291 2263 nominati
1332 2228 1456 2262 fueritis
1494 2227 1540 2261 vel
1578 2226 1707 2265 fuerint,
1741 2238 1796 2260 vos

1051 2276 1190 2324 quolibet
1224 2277 1318 2311 modo
1350 2276 1581 2311 intromiseritis
1620 2275 1664 2310 vel
1696 2275 1795 2310 intro-

1051 2327 1205 2366 miserim,
1227 2339 1264 2360 ex
1291 2326 1349 2360 hoc
1372 2326 1488 2360 cadatis
1510 2325 1557 2359 vel
1579 2325 1690 2359 cadant
1711 2325 1796 2359 omni

1053 2377 1119 2410 inre
1147 2376 1286 2422 ipsorum
1310 2376 1396 2421 regni
1419 2383 1448 2409 et
1475 2383 1586 2412 terrae.
1613 2382 1643 2408 et
1666 2386 1796 2420 regnum

1053 2433 1082 2459 et
1110 2434 1188 2459 terra
1216 2424 1282 2470 ipsa
1304 2424 1340 2458 ad
1364 2424 1538 2458 Romanam
1560 2423 1734 2458 Ecclesiam
1758 2423 1798 2458 li-

1053 2474 1127 2508 bere
1153 2474 1365 2509 devolvantur.
1393 2474 1560 2508 Caeterum
1587 2473 1612 2507 si
1632 2472 1798 2519 contigerit

1053 2524 1188 2570 aliquem
1217 2536 1254 2557 ex
1283 2523 1394 2557 restris
1427 2521 1626 2563 haeredibus,
1659 2523 1713 2569 qui
1739 2523 1798 2557 de-

1055 2572 1161 2606 berent
1201 2573 1231 2606 in
1272 2572 1438 2618 praedictis
1476 2583 1572 2618 reguo
1605 2571 1729 2607 Siciliae
1768 2580 1799 2606 et

1055 2631 1133 2657 terra
1160 2622 1339 2663 succedere,
1372 2622 1403 2656 in
1426 2633 1530 2667 regem
1558 2621 1605 2656 vel
1632 2621 1797 2668 imperium

1805 239 1853 264 An.
1872 238 1891 263 C
1920 236 1986 262 ¹265
