2129 3223
145 270 191 296 ιη.
205 268 239 295 c,
253 267 321 295 ¹226
382 258 454 290 416
917 261 1103 285 nummum
1125 259 1286 282 ROMANFM
1879 255 1930 283 A...
1944 255 1973 282 c,
1995 255 2060 282 1226

627 318 707 355 cip.
733 318 785 354 Vl.
1123 314 1157 349 S.
1182 314 1295 350 Crucis
1317 325 1416 362 usque
1441 313 1479 349 ad
1501 313 1585 348 diem
1607 312 1789 347 Dominicae
1807 311 1863 347 Re-

383 393 433 433 ffi.
469 391 523 440 qui
559 391 678 426 litteras
706 397 859 425 noverum
912 397 943 423 et
977 387 1080 434 legem
1122 364 1342 419 surrectionis:
1377 363 1437 419 nis-i
1460 361 1624 418 infirmitas
1647 361 1692 397 vel
1711 360 1864 417 ,delllfflS

172 451 285 473 Ouum>
334 442 488 482 psalmos,
523 453 578 488 per
595 440 735 487 singulas
762 417 939 474 horas'eos
960 437 1078 480 dicant,
1121 425 1281 461 empons'
1314 420 1367 449 ³¹¹²
1392 412 1451 448 ²¹¹³
1485 420 1564 447 ¹⁰⁹³
1591 423 1684 447 causa
1711 423 1863 447 'emmum

151 1332 295 1360 Propi-ieme:

161 1971 259 1993 Oratorio
271 1976 291 1993 ot

187 2004 250 2024 mina
260 2012 264 2014 -

153 2308 259 2334 emitum,
288 2310 309 2326 et

159 2339 302 2359 correctione·

332 492 384 540 qui
412 504 450 527 ex
478 491 673 525 institutione
708 489 899 524 Sanctorum
936 486 1077 525 Patrum.

332 549 363 576 et
391 540 551 576 Ecclesiae
584 539 752 587 approbata
785 536 1012 574 consuetudine
1039 534 1075 569 ad

332 591 426 626 horas
451 590 591 637 singulas
617 597 691 624 sunt
724 588 875 635 deputati.
910 585 970 628 Qui
1005 596 1076 619 vero

331 640 450 675 litteras
471 652 534 675 non
563 647 729 681 noverunt,
751 636 1002 684 vigintiquinque
1026 634 1074 668 ri—

331 689 423 725 cibus
444 689 547 724 dicant
572 690 676 727 Pater,
706 689 737 722 in
765 685 927 721 nocturnis
950 683 1074 730 vigiliis.

331 739 478 788 Exceptis
503 738 687 781 dominicis,
714 746 743 772 et
777 735 973 770 solemnibus
1004 733 1076 767 die-

330 788 406 829 bus,
434 789 465 823 in
491 800 627 835 quorum
654 786 770 832 vigiliis
797 784 991 833 praedictum
1016 795 1075 817 nu-

330 851 453 874 merum
485 837 651 873 statuimus
689 835 864 882 duplicari,
901 841 934 867 ut
955 832 1076 867 dicatur

330 889 424 922 Pater
455 896 555 922 noster
585 885 706 921 vicibus
739 883 977 931 quinquaginta.
1014 881 1075 916 Se—

330 937 410 984 pties
435 945 539 972 autem
567 935 676 970 eadem
696 934 817 970 dicatur
837 932 936 968 oratio
958 933 988 966 in
1012 931 1076 966 lau-

328 986 421 1021 dibus
456 985 627 1021 matutinis.
664 985 696 1018 In
729 983 798 1018 aliis
831 993 958 1029 quoque
991 981 1075 1015 horis

328 1036 444 1083 septies
465 1035 609 1070 similiter
638 1033 747 1069 eadem
769 1031 928 1078 sigillatim
952 1030 1076 1065 dicatur

328 1086 443 1120 oratio:
472 1093 593 1132 praeter
614 1083 713 1118 officia
737 1081 924 1127 vespertina,
948 1081 978 1114 in
1002 1080 1076 1127 qui-

327 1134 386 1169 bus
408 1135 506 1182 ipsam
533 1132 718 1182 quindecies
743 1131 848 1166 dicere
874 1130 1024 1164 debeatis.

614 1204 693 1239 Cn.
722 1202 790 1238 vlt.

377 1277 490 1312 Nullus
511 1277 641 1312 fratrum
666 1275 725 1310 sibi
760 1274 846 1309 dicat
866 1273 983 1320 aliquid
1007 1284 1075 1307 esse

330 1327 508 1375 proprium:
537 1325 590 1361 sed
630 1325 692 1359 sint
725 1323 815 1359 vobis
855 1324 961 1357 onmia
995 1334 1076 1356 com-

331 1376 448 1411 munia.
477 1375 515 1410 Et
543 1387 580 1410 ex
603 1374 671 1417 his,
704 1386 783 1420 quae
806 1372 893 1407 vobis
920 1371 1076 1407 Dominus

330 1425 463 1466 dederit,
491 1423 698 1459 distribuatur
731 1422 900 1468 unicuique
929 1434 983 1468 per
1017 1433 1075 1455 ma-

330 1487 405 1510 num
427 1475 548 1522 prioris,
572 1473 602 1508 id
618 1481 680 1513 est,
710 1484 764 1519 per
792 1471 952 1505 bominem
979 1470 1017 1505 ab
1039 1482 1076 1504 eo

329 1525 366 1559 ad
391 1524 474 1559 idern
496 1523 631 1558 officium
664 1522 860 1569 deputatum,
890 1527 983 1567 prout
1010 1520 1077 1553 uni-

330 1575 445 1622 cuique
479 1585 559 1620 opus
592 1572 699 1611 fuerit,
736 1570 884 1617 inspectis
923 1569 1076 1604 aetatibus

329 1632 360 1658 et
382 1622 622 1658 necessitatibus
643 1620 854 1667 singulorum.
882 1618 929 1654 Ita
955 1626 1075 1659 tamen,

329 1682 364 1708 ut
397 1673 478 1708 sicut
516 1671 721 1719 praemissum
761 1677 826 1708 est,
859 1668 890 1702 in
918 1668 1076 1715 deputatis

329 1721 450 1757 cellulis
479 1721 593 1768 singuli
618 1728 781 1758 maneant,
804 1726 833 1753 et
855 1730 892 1753 ex
915 1718 973 1761 his,
997 1729 1077 1764 quae
1097 1723 1098 1727 ’

329 1771 388 1807 sibi
411 1770 576 1807 distributa
599 1770 725 1809 fuerint,
747 1768 946 1814 singulariter
961 1768 1075 1802 vivant.
1097 1797 1099 1813 Ι

606 1841 687 1876 Cn».
715 1839 796 1874 wit.

379 1914 571 1954 oratorium,
599 1921 689 1960 prout
715 1910 916 1946 commodius
939 1910 1004 1945 fieri
1029 1922 1077 1957 po·

333 1965 414 2004 terit,
443 1971 644 1999 construatur
679 1962 708 1995 in
744 1960 848 1995 medio
882 1959 1100 2004 cellularum„

334 2013 385 2048 ubi
414 2025 504 2048 mane
531 2024 585 2060 per
611 2010 752 2057 singulos
773 2009 843 2045 dies
864 2009 902 2044 ad
924 2009 1078 2044 audienda
1099 2036 1100 2047 ,

333 2063 498 2098 missarum
527 2061 679 2097 solemnia
710 2059 878 2094 convenire
918 2059 1101 2104 debeatis,⁴

334 2113 384 2146 ubi
409 2113 466 2147 hoc
488 2110 655 2146 commode
677 2109 744 2144 fieri
768 2109 889 2156 poterit.

624 2183 703 2216 Car.
737 2181 790 2215 IX.

382 2254 560 2290 Dominicis
586 2264 712 2300 quoque
743 2251 873 2292 diebus,
907 2251 953 2286 vel
989 2250 1103 2294 aliisw

337 2304 391 2339 ubi
412 2316 492 2352 opus
518 2303 622 2347 suerit,
648 2303 686 2337 de
708 2301 850 2337 custodia
876 2301 997 2337 ordinis
1023 2307 1083 2334 tra-

337 2354 437 2389 ctetis.
456 2353 516 2388 Ubi
543 2354 636 2388 etiam
659 2363 816 2393 excessus,
839 2358 869 2386 et
895 2350 1006 2398 culpae
1026 2349 1082 2384 fra·
1101 2332 1105 2412 ἶ

338 2412 431 2444 trum,
453 2403 478 2438 si
497 2403 552 2450 qui
572 2402 610 2437 de
624 2401 729 2449 aliquo
743 2400 933 2448 deprehensi
956 2400 1082 2443 fuerint,
1102 2416 1104 2432 ι

339 2453 486 2488 charitate
509 2453 610 2488 media
638 2451 842 2498 corrigantur.

1119 462 1198 548 ¹solvi
1220 463 1369 504 suadeat,
1399 462 1472 510 quia
1495 462 1665 497 necessitas
1686 473 1748 496 non
1771 460 1864 496 habet

1131 525 1231 559 egem.

1409 583 1490 618 Cn.
1519 582 1572 616 XI.

1168 656 1216 691 Ab
1249 668 1305 690 esu
1332 655 1474 690 carnium
1502 665 1627 701 semper
1659 653 1860 697 abstineatis7

1118 706 1175 740 nisi
1205 718 1259 752 pro
1293 704 1494 747 infirmitatis,
1520 710 1573 738 aut
1600 703 1715 738 nimiae
1742 702 1861 739 debili-

1117 756 1187 790 tatis
1210 754 1350 789 remedio
1376 755 1436 788 sint
1462 753 1645 789 sumendae.

1399 825 1479 860 Car.
1506 824 1578 859 XII.

1166 898 1247 940 Quia
1270 910 1343 932 vero
1369 897 1478 932 militia
1505 905 1552 932 est
1581 897 1640 931 vita
1667 895 1860 941 hominis,et

1117 960 1239 991 omnes,
1266 947 1320 994 qui
1344 948 1392 994 pie
1415 946 1522 982 volunt
1544 946 1646 981 vivere
1670 945 1699 980 in
1721 944 1860 984 Christo.

1119 997 1369 1044 persecutionem
1386 996 1556 1043 patiuntur3
1575 995 1772 1030 adversarius
1785 1006 1863 1042 quo-

1117 1059 1178 1095 que
1200 1055 1303 1081 vester
1325 1046 1469 1081 diabolus
1490 1054 1648 1093 tamquam
1668 1045 1716 1080 leo
1733 1045 1862 1092 rugiens

1117 1096 1245 1141 circuit,
1280 1107 1435 1144 quaerens
1473 1107 1565 1143 quem
1601 1095 1744 1134 devorem
1774 1095 1860 1129 omni

1117 1146 1329 1181 sollicitudine
1345 1145 1495 1180 studeatis
1511 1144 1599 1179 indui
1621 1152 1774 1179 armatura
1791 1143 1862 1188 Dei,

1117 1204 1152 1230 ut
1179 1195 1305 1243 possitis
1324 1202 1404 1230 stare
1422 1194 1572 1230 adversus
1587 1192 1715 1229 insidias
1731 1193 1861 1228 inimici.

1167 1244 1360 1292 Accingendi
1389 1252 1463 1279 sunt
1490 1243 1588 1278 lumbi
1617 1243 1708 1278 vestri
1737 1241 1862 1289 cingulo

1117 1296 1281 1330 castitatis.
1303 1294 1511 1329 muniendum
1537 1301 1586 1328 est
1607 1300 1716 1340 pectus
1741 1292 1863 1339 cogita-

1118 1345 1258 1379 tionibus
1279 1344 1407 1379 sanctis.
1431 1343 1593 1389 Scriptum
1615 1350 1662 1378 est
1680 1342 1781 1377 enim:
1803 1340 1864 1376 Co—

1117 1395 1226 1441 gitatio
1253 1402 1357 1429 sancta
1384 1392 1520 1428 servabit
1542 1402 1581 1427 te.

1165 1443 1329 1479 Induenda
1363 1451 1408 1478 est
1436 1443 1528 1478 lorica
1556 1441 1707 1477 iustitiae:
1735 1448 1769 1476 ut
1797 1440 1863 1476 Do-

1118 1493 1238 1527 minum
1256 1493 1359 1528 Deum
1384 1500 1518 1527 vestrum
1546 1503 1582 1526 ex
1611 1499 1675 1526 toto
1700 1489 1807 1535 corde,
1832 1498 1863 1525 et

1117 1555 1154 1577 ex
1177 1550 1239 1577 tota
1254 1543 1369 1585 anima,
1390 1550 1421 1576 et
1441 1554 1478 1576 ex
1497 1549 1559 1576 tota
1577 1541 1690 1575 virtute
1711 1540 1861 1586 diligatis,

1118 1600 1148 1627 et
1175 1593 1355 1639 proximum
1382 1599 1520 1626 vestrum
1550 1599 1708 1638 tamquam
1725 1597 1863 1625 vosmet-

1118 1653 1213 1689 ipsos.

1168 1690 1364 1725 Sumendum
1405 1699 1450 1724 est
1490 1690 1520 1724 in
1556 1689 1707 1724 omnibus
1738 1697 1861 1724 scutum

1097 1762 1099 1772 .
1119 1740 1206 1784 fidei,
1233 1741 1264 1775 in
1287 1752 1350 1787 quo
1373 1740 1499 1787 possitis
1519 1741 1623 1774 omnia
1651 1739 1712 1775 tela
1741 1740 1864 1794 nequ-is-

1119 1791 1190 1825 simi
1219 1790 1310 1836 ignea
1344 1798 1538 1834 extinguere.
1578 1788 1657 1824 Sine
1681 1787 1745 1824 fide
1778 1800 1862 1824 enim

1120 1839 1315 1886 impossibile
1341 1847 1388 1874 est
1411 1839 1534 1886 placere
1554 1838 1632 1873 Deo.
1654 1838 1696 1874 Et
1722 1837 1800 1874 haec
1818 1846 1864 1873 est

1120 1889 1259 1929 victoria,
1275 1901 1355 1936 quae
1369 1889 1464 1924 vincit
1479 1887 1646 1930 mundum,
1661 1888 1739 1923 fides
1753 1895 1862 1923 vestra.

1168 1937 1265 1973 Galea
1297 1950 1424 1986 quoque
1457 1938 1565 1972 salutis
1591 1936 1785 1986 imponenda
1817 1945 1863 1972 est

1121 1988 1227 2035 capiti,
1254 1996 1287 2023 ut
1308 1987 1346 2022 de
1372 1987 1440 2022 solo
1461 1987 1620 2023 Salvatore
1653 1987 1788 2035 speretis
1814 1999 1864 2022 sa-

1121 2037 1229 2077 lutem,
1256 2038 1311 2084 qui
1334 2037 1454 2072 salvum
1470 2037 1540 2072 facit
1562 2037 1715 2086 populum
1737 2049 1829 2072 suum
1847 2048 1864 2070 a

1122 2095 1258 2135 peccatis
1276 2099 1397 2122 eorum.

1170 2135 1303 2172 Gladius
1325 2145 1427 2172 autem
1450 2137 1591 2183 spiritus,
1618 2136 1703 2184 quod
1724 2145 1771 2172 est
1794 2148 1862 2171 ver-

1123 2185 1196 2220 bum
1221 2185 1295 2225 Dei,
1323 2185 1520 2222 abundanter
1552 2185 1671 2222 habitet
1701 2185 1732 2220 in
1760 2197 1813 2221 ore
1835 2195 1862 2220 et

1124 2236 1154 2269 in
1183 2235 1332 2271 cordibus
1358 2236 1478 2270 vestris.
1507 2235 1546 2270 Et
1572 2247 1789 2283 quaecumque
1811 2246 1866 2270 vo-

1124 2284 1170 2319 bis
1196 2285 1315 2331 agenda
1342 2294 1431 2330 suut,
1460 2286 1491 2320 in
1515 2284 1609 2320 verbo
1630 2284 1757 2319 Domini
1778 2283 1864 2320 fiant.

1401 2355 1481 2392 CAP.
1503 2354 1588 2391 XIII.

1173 2428 1367 2464 Faciendum
1398 2437 1444 2464 est
1477 2428 1564 2464 vobis
1596 2426 1723 2475 aliquod
1744 2429 1865 2475 operis,

1889 667 1930 688 ιω
1939 669 2045 689 carnium:

1889 910 1958 930 Armis
1980 911 2046 937 spiti-

1916 939 2018 962 tii-libna

1894 2437 2022 2459 Aonidutiate
2028 2438 2048 2458 in

1934 2474 1998 2496 opere
2005 2476 2011 2490 ·.

651 2523 662 2534 κ
1103 2469 1106 2537 l
1126 2486 1158 2513 ut
1184 2490 1309 2526 semper
1329 2491 1384 2514 vos
1409 2477 1555 2514 diabolus
1581 2477 1717 2512 inveniat
1739 2489 1868 2526 occupa-

637 2524 718 2558 (AP-
744 2522 785 2557 X·
1103 2540 1191 2610 ἱῑοε,
1218 2543 1258 2567 ne
1286 2544 1324 2567 ex
1350 2532 1507 2568 otiositate
1538 2540 1636 2567 vestra
1657 2531 1795 2579 aliquem
1818 2532 1870 2567 in-

390 2595 544 2630 lejunium
567 2595 700 2641 singulis
721 2593 844 2634 diebus,
866 2592 1007 2640 exeeptis
1028 2591 1084 2627 do<
1106 2634 1107 2638 Ἰ
1127 2585 1228 2621 trandi
1250 2586 1370 2622 aditum
1402 2586 1440 2622 ad
1473 2585 1592 2621 animas
1625 2593 1741 2621 vestras
1772 2585 1869 2622 valeat

343 2645 479 2688 minicis,
510 2644 698 2682 observetis,
735 2656 751 2678 a
778 2643 855 2678 sesto
881 2642 1086 2677 Exaltationis
1105 2647 1108 2685 ᾗ
1128 2641 1276 2676 invenire.
1300 2640 1430 2676 Habetis
1451 2639 1570 2675 adhoc
1593 2639 1672 2675 beati
1695 2639 1784 2675 Pauli
1802 2652 1870 2688 apo-

190 2646 270 2667 innume
279 2653 283 2665 z
