2129 3223
168 257 217 281 An.
236 254 263 280 C.
282 254 347 280 ¹220

172 1407 328 1427 t'miecunnem

159 1449 163 1456 2
174 1444 188 1456 τε
206 1437 339 1463 Apostolirae

159 1473 183 1488 ec
201 1469 217 1487 is
251 1468 340 1494 pollice-

414 244 482 275 370

949 246 1046 269 BULLA
1053 247 1083 268 nt
1090 246 1134 268 H!
1156 245 1317 267 nonaum!

361 319 441 344 mur,
469 313 622 352 quatenus
644 315 698 338 vos
728 303 812 350 ipsos
841 301 952 348 dignos
979 300 1100 334 (livinae
1119 304 1122 346 l
1141 299 1228 333 mino
1255 298 1441 333 adnuatum:
1469 298 1523 334 sed
1550 299 1623 346 quia
1652 298 1733 333 sicut
1760 297 1790 331 in
1819 296 1887 332 Do-

361 355 513 390 vocationi
548 353 733 391 reddentes,
764 364 836 387 cum
872 351 955 386 omni
991 351 1101 384 timore

360 405 486 440 Domini
504 404 592 438 stetis
610 403 640 436 in
658 402 718 437 fide
734 401 862 436 viriliter
875 409 904 435 et
923 407 1102 434 constanter

360 453 533 488 exercendo
567 452 639 487 fidei
672 463 764 499 opera
800 451 830 485 in
870 451 1002 487 virtute,
1038 461 1100 482 non

360 503 532 538 contristati
551 501 709 549 aliquibus
731 499 998 535 tribulationibus,
1021 510 1100 544 quae

359 552 396 586 ad
420 561 545 600 tempus
566 559 652 595 sunt,
673 550 727 585 sed
751 550 852 584 laetati
877 549 993 596 potius,
1016 547 1099 594 quod

359 602 444 648 digni
467 601 562 637 habiti
589 601 664 636 estis
689 612 744 648 pro
772 599 898 633 nomine
925 598 993 632 Iesu
1018 609 1101 631 con-

359 651 502 686 tumelias
517 652 688 686 sustinere:
712 649 813 683 fidelis
829 648 911 683 enim
932 647 1017 681 Deus
1039 658 1099 680 non

359 702 495 747 patietur
512 713 566 735 vos
587 700 708 739 tentari,
729 700 805 733 ultra
829 709 921 744 quam
944 697 1101 731 sustinere

358 751 493 797 possitis,
528 750 581 785 sed
615 750 704 784 faciet
734 761 804 783 cum
833 746 1003 781 tentatione
1027 758 1100 793 pro-

358 809 510 845 ventum,
538 800 612 847 quia
648 798 730 845 quod
767 804 1022 832 momentaneum
1053 803 1101 830 est

356 858 385 884 et
426 850 492 885 leve
532 848 740 884 tribulationis
779 848 968 880 immensum
1011 844 1100 879 vobis

357 900 481 946 pondus
504 899 620 945 gloriae
644 904 801 944 operatur.
827 895 879 930 Sic
901 895 983 929 euim
1007 894 1100 929 clari-

356 949 499 983 ticabitur
525 947 672 983 Christus
697 947 726 980 in
758 945 857 984 vobis,
884 945 909 978 si
931 956 986 978 vos
1022 945 1099 979 irre·

357 998 584 1045 prehensibiles
595 1003 816 1031 conservantes
826 1002 950 1041 gentem
964 1002 1097 1029 vestram

355 1048 528 1083 secundum
545 1058 683 1085 carnem,
705 1045 742 1079 ad
764 1044 1006 1079 aemulationem
1030 1056 1099 1090 pro-

356 1097 539 1132 vocaveritis
560 1096 709 1137 veritatis,
734 1102 766 1128 ut
787 1094 818 1128 in
841 1106 879 1129 eo
905 1093 989 1140 quod
1013 1105 1098 1127 nunc

354 1147 393 1181 de
408 1146 497 1182 vobis
514 1155 671 1193 tamquam
694 1144 733 1179 de
754 1142 1006 1178 malefactoribus
1022 1142 1098 1178 sorte

354 1196 521 1237 detrectat,
544 1195 669 1230 tandem
693 1206 731 1229 ex
753 1193 846 1227 bonis
868 1193 1018 1240 operibus
1045 1204 1098 1227 vos

354 1246 557 1280 considerans
580 1244 617 1279 ad
639 1244 812 1279 Dominum
834 1250 1044 1285 convertatur,
1068 1250 1097 1276 et

354 1308 408 1330 vos
429 1295 661 1330 lucrifacientes
681 1293 801 1327 animas
823 1292 935 1326 multas
955 1291 1023 1326 Deo
1044 1304 1099 1326 co-

355 1357 461 1379 ronam
489 1345 605 1391 gloriae
634 1342 817 1377 mereamini
847 1342 1010 1388 potiorem.
1036 1341 1099 1375 Nos

354 1402 470 1434 autem,
493 1394 545 1441 qui
563 1405 618 1427 vos
637 1401 794 1438 tamquam
816 1391 896 1425 filios
916 1391 1099 1425 benedictos

354 1456 369 1477 a
390 1443 524 1478 Domino
551 1449 695 1490 gerentes
718 1441 748 1474 in
772 1441 941 1474 visceribus
962 1440 1099 1474 charita-

355 1494 394 1527 tis
416 1492 615 1532 confidimus,
645 1490 714 1538 qnia
744 1491 799 1536 qui
827 1491 929 1535 caepit
952 1490 980 1523 in
1011 1489 1099 1523 vobis

355 1555 435 1589 opus
469 1542 597 1582 bonum,
633 1539 790 1587 perficiet,
825 1551 923 1586 nsque
958 1539 987 1572 in
1016 1538 1098 1572 diem

354 1592 482 1626 Domini
505 1591 575 1626 Iesu
603 1589 733 1629 Christi,
762 1587 848 1622 vobis
878 1589 907 1622 in
940 1588 1099 1626 omuibus,

354 1641 467 1688 quibus
482 1652 667 1687 possumus,
680 1638 888 1673 libentissime
906 1638 1099 1677 assistemuS,

355 1702 448 1725 omne
486 1690 575 1725 vobis
605 1688 751 1724 solatium
783 1696 811 1721 et
850 1688 1000 1721 auxilium
1026 1686 1100 1720 'im—

356 1739 502 1786 pensuri,
535 1748 565 1774 et
601 1750 671 1773 cum
720 1738 751 1772 in
786 1736 961 1771 libertatem
1003 1736 1099 1770 vocati

355 1790 429 1823 cstis
461 1788 566 1836 adepti
594 1788 724 1834 gratiam
762 1786 910 1826 liliorum,
944 1798 998 1820 vos
1025 1797 1101 1820 con-

357 1851 473 1882 verSOS,
500 1847 530 1873 et
558 1846 699 1873 caeteros
720 1836 757 1870 ad
776 1834 946 1870 Dominum
970 1847 1102 1869 conver-

355 1887 469 1923 tendos
502 1888 534 1922 in
556 1887 641 1921 omni
669 1884 927 1921 conservabimus
947 1884 1101 1924 libertate,

355 1938 487 1985 aliisque
525 1936 629 1983 dignis
665 1934 825 1970 favoribus
863 1946 1101 1981 prosequemur,

356 1987 428 2034 quia
450 1999 513 2021 non
530 1985 733 2021 commodum
750 1996 853 2019 rerum
871 1983 1101 2031 temporalium,

356 2036 439 2083 quod
463 2036 526 2070 cito
554 2035 680 2083 periret,
703 2034 756 2069 sed
781 2034 915 2077 lucrum,
939 2034 1022 2080 quod
1046 2032 1103 2067 erit

357 2093 559 2133 perpetuum,
578 2085 609 2119 in
632 2083 719 2119 vobis
737 2083 899 2130 querimus
915 2083 1101 2117 animarum.

356 2135 461 2182 Super
479 2147 518 2170 eo
539 2146 625 2175 veru,
646 2133 731 2181 quod
755 2144 816 2167 non
839 2144 949 2166 omnes
975 2131 1103 2165 omnino

358 2186 544 2231 petitiones,
583 2195 660 2231 quas
698 2194 798 2229 nuper
837 2181 929 2216 nobis
967 2181 1102 2215 dilectus

358 2234 440 2269 filius
462 2233 620 2268 Henricus
642 2232 735 2267 frater
757 2241 830 2266 tuus
856 2243 893 2265 ex
923 2238 1009 2277 parte
1041 2238 1104 2274 tua,

359 2283 546 2320 venerabilis
567 2283 662 2317 frater
683 2282 842 2328 episcope,
865 2279 1040 2319 destinavit,
1055 2291 1104 2326 po-

358 2334 477 2369 tuimus
508 2331 666 2372 exaudire,
703 2343 765 2366 non
799 2330 943 2365 turbetur
973 2341 1027 2364 cor
1051 2340 1105 2363 ve-

358 2392 476 2423 strum,
512 2394 614 2430 neque
639 2380 814 2423 formidet,
849 2380 921 2427 quia
955 2391 1027 2413 curn
1067 2377 1104 2412 ad

359 2432 608 2468 succurrendum
624 2431 738 2465 Terrae
753 2429 888 2464 Sanctae
907 2429 945 2463 de
967 2428 1106 2463 necessi-

361 2490 421 2516 tate
436 2481 570 2517 totaliter
587 2492 671 2515 nunc
688 2479 853 2515 intendere
866 2477 1105 2526 compellamur,

362 2543 422 2565 non
445 2530 584 2577 expedit,
600 2539 634 2565 ut
651 2529 939 2575 crucesignatorum
956 2526 1105 2562 auxilium

361 2579 528 2625 dividatur,
551 2592 590 2615 ne
613 2579 747 2614 divisum
771 2578 965 2612 inveniretur
984 2576 1107 2620 inutile,

362 2628 443 2675 quod
467 2637 610 2675 speratur
632 2628 881 2663 efficacissimum
898 2635 1025 2662 auctore
1045 2625 1109 2660 Do-

1142 349 1226 382 mino
1254 347 1457 392 confidimus,
1486 350 1647 395 negotium
1674 347 1790 382 Terrae
1811 345 1886 381 San-

1141 405 1208 433 ctae
1226 398 1256 432 in
1274 399 1416 444 proximo
1434 398 1528 433 finem
1547 399 1679 446 accipiet
1698 397 1884 443 gloriosum.

1142 455 1216 482 tunc
1242 455 1302 481 tota
1325 448 1437 483 virtute
1468 449 1498 482 in
1530 457 1670 483 vestrum
1694 446 1883 481 adiutorium

1142 497 1352 537 intendemus,
1375 506 1406 531 et
1427 497 1527 537 vobis,
1554 505 1583 532 et
1610 509 1665 544 pro
1688 496 1779 531 vobis
1800 495 1884 530 mili-

1141 547 1215 581 tabit
1237 546 1376 581 Ecclesia
1399 547 1563 593 generalis.
1588 547 1633 581 'Ne
1656 546 1752 593 igitur
1775 546 1808 590 ii,
1829 546 1881 592 qui

1143 596 1280 630 nondum
1304 596 1342 631 ad
1370 596 1558 642 agnitionem
1594 608 1684 631 verae
1712 595 1782 630 fidei
1812 607 1883 642 per-

1140 653 1303 686 venerunt,
1325 645 1457 680 alicuius
1483 645 1651 680 dubietatis
1672 645 1819 693 scrupulo
1839 656 1882 679 re-

1140 695 1312 734 tardentur,
1343 707 1406 741 quo
1443 695 1550 729 minus
1583 695 1620 730 ad
1651 695 1880 741 agnoscendam

1140 745 1202 779 veri
1239 745 1364 779 luminis
1391 745 1560 779 claritatem
1586 744 1680 779 corde
1715 745 1828 791 pariter
1853 752 1882 778 et

1139 795 1243 828 animo
1265 802 1500 835 convertantur,
1522 793 1722 829 devotionem
1748 802 1881 829 vestram

1140 843 1309 890 rogandam
1338 844 1486 878 duximus
1522 851 1551 878 et
1586 843 1797 883 monendam,
1831 855 1884 890 per

1139 894 1307 940 apostolica
1333 893 1422 928 vobis
1447 894 1560 941 scripta
1589 890 1785 937 mandantes,
1806 905 1884 941 qua-

1139 950 1231 977 tenus
1254 943 1408 978 universis
1429 943 1610 978 bominibus
1638 951 1757 978 vestrae
1781 943 1884 989 gentis

1138 993 1190 1039 qui
1219 993 1306 1027 vobis
1329 992 1621 1039 consanguinitate,
1656 992 1702 1027 vel
1732 1005 1885 1040 quacum-

1138 1054 1198 1089 que
1217 1050 1324 1076 notitia
1346 1051 1418 1077 sunt
1436 1052 1608 1087 coniuncti,
1623 1050 1653 1077 et
1674 1042 1769 1077 etiam
1785 1042 1885 1077 omni-

1139 1091 1197 1126 bus
1213 1099 1273 1126 tam
1290 1092 1392 1138 longe,
1415 1104 1510 1139 quam
1532 1104 1630 1140 prope
1646 1092 1768 1139 positis,
1791 1099 1884 1139 prout

1138 1141 1224 1176 vobis
1259 1142 1450 1188 possibilitas
1486 1141 1602 1179 aderit.
1634 1141 1797 1179 intimetis.
1827 1153 1884 1175 nos

1138 1190 1263 1225 firmum
1288 1190 1402 1226 babere
1431 1191 1640 1238 propositum,
1669 1199 1730 1226 tam
1757 1203 1885 1225 conver-

1138 1253 1200 1283 sos,
1224 1253 1316 1287 quarn
1339 1241 1433 1276 etiam
1453 1240 1574 1276 favente
1599 1240 1737 1275 Domino
1759 1251 1886 1275 conver-

1139 1289 1249 1325 tendos
1284 1291 1314 1325 in
1343 1291 1428 1325 omni
1457 1290 1598 1325 libertate
1634 1290 1750 1335 fovere,
1784 1297 1814 1325 et
1847 1289 1885 1324 ab

1140 1340 1263 1374 iniuriis
1297 1341 1440 1375 omnium
1472 1340 1629 1375 molestias
1655 1340 1773 1375 eisdem
1807 1338 1886 1373 infe-

1140 1390 1273 1424 rentium
1306 1390 1350 1424 vel
1381 1401 1565 1436 gravamen,
1599 1397 1752 1436 quantum
1789 1389 1884 1435 gratia

1139 1439 1243 1473 divina
1272 1440 1440 1486 permittet,
1469 1440 1672 1486 protectionis
1693 1438 1884 1486 apostolicae

1140 1489 1315 1523 munimine
1337 1488 1511 1529 defensare,
1534 1497 1564 1523 et
1586 1488 1670 1536 quod
1695 1501 1760 1533 eos,
1782 1500 1886 1536 quan-

1140 1546 1203 1573 tum
1227 1538 1257 1572 in
1282 1538 1370 1573 nobis
1392 1546 1450 1582 est,
1472 1551 1632 1586 nunquam
1658 1538 1791 1573 alicuius
1811 1549 1885 1584 gra-

1139 1587 1201 1621 vari
1233 1587 1373 1623 dominio
1414 1588 1461 1622 vel
1490 1588 1564 1632 iugo
1591 1588 1746 1636 patiemur
1771 1587 1883 1623 subiici

1139 1645 1307 1672 servitutis.

1188 1686 1302 1720 Datum
1326 1686 1456 1721 Viterbii
1480 1695 1588 1722 octavo
1605 1686 1676 1722 idus
1698 1687 1784 1728 maii,
1807 1698 1886 1734 pon-

1141 1735 1275 1770 tificatus
1302 1736 1398 1770 nostri
1421 1749 1503 1771 anno
1530 1744 1653 1783 quarto.

1193 1797 1253 1828 Dat,
1272 1798 1318 1828 die
1339 1799 1355 1828 8
1378 1799 1447 1828 maii
1475 1798 1557 1835 1220,
1578 1798 1680 1838 pontis.
1703 1807 1778 1828 anno
1799 1807 1837 1828 ιν.

1460 1966 1568 2001 XLVI.

1144 2043 1321 2076 Commissio
1342 2044 1486 2088 deleqatis
1512 2044 1699 2088 apostolicis,
1720 2051 1753 2077 ut
1772 2045 1887 2089 episco-

1188 2109 1255 2142 pos,
1283 2098 1336 2141 qui
1360 2098 1448 2142 reym'
1468 2098 1589 2132 Svetiae
1613 2098 1803 2136 invasorem,
1829 2109 1888 2142 ap-

1190 2152 1353 2195 pellatione
1379 2153 1422 2186 ad
1455 2152 1562 2185 Sedem
1595 2152 1801 2196 Apostolicam
1827 2164 1888 2185 non

1192 2206 1346 2244 obstante,
1375 2207 1575 2244 intirmorum,
1608 2207 1650 2240 ad
1671 2207 1806 2240 eamdem
1830 2206 1889 2242 Se-

1192 2261 1258 2293 dem
1285 2261 1422 2294 accedere
1447 2262 1629 2306 compellant
1650 2263 1708 2303 (t).

1411 2333 1623 2364 SUMMARIUM

1147 2395 1260 2426 Svetiae
1282 2406 1403 2435 regnum
1422 2397 1546 2427 loannes
1569 2397 1687 2436 quidam
1709 2395 1836 2426 invadit:
1853 2412 1891 2418 —

1185 2439 1292 2470 Daniae
1322 2450 1371 2471 rex
1394 2441 1446 2471 filii
1465 2441 1542 2479 regis
1563 2440 1692 2470 defuncti
1715 2441 1833 2470 nomine
1855 2440 1891 2470 ad

1187 2484 1215 2514 S.
1243 2486 1275 2514 A.
1308 2485 1452 2525 appellat:
1478 2502 1517 2507 —
1547 2484 1713 2514 lnvasorem
1745 2484 1891 2522 inungunt

1187 2531 1328 2571 episcopi.
1354 2548 1393 2553 -
1422 2530 1504 2562 Diem
1533 2530 1575 2559 eis
1603 2529 1692 2559 indici
1722 2528 1802 2558 iubet
1829 2528 1889 2559 Ho-

1186 2584 1299 2606 norius.

1183 2637 1222 2673 (t)
1239 2638 1276 2664 Ex
1296 2638 1401 2673 Regest.
1419 2637 1500 2664 Vatic-

1901 242 1948 268 An.
1964 241 1992 268 C.
2015 243 2082 268 ¹22⁰

1911 557 2000 585 Eamque

1911 589 2060 609 convertendis

1898 620 2018 646 promittant
2040 620 2080 640 ilo-
