2129 3223
45 229 90 257 Λη.
109 230 137 257 C.
157 230 223 256 tato

286 286 353 332 Ego
375 286 538 320 Romanus
560 285 665 320 Sancti
689 284 801 331 Angeli
828 285 982 321 diaconus

236 334 400 370 cardinalis
421 334 605 381 subscripsi.

284 383 353 430 Ego
384 383 566 430 Stephanus
603 383 710 418 Sancti
744 383 871 417 Adriani
907 384 982 420 dia-

235 445 335 468 conus
355 433 524 468 cardinalis
550 432 734 480 subscripsi.

283 481 398 517 Datum
422 482 544 517 Perusii
568 494 624 529 per
645 494 759 516 manus
774 481 856 516 Vulli
875 496 980 518 sacrae

237 531 396 566 Romanae
414 531 572 566 Ecclesiae
597 531 722 573 notarii,
744 532 886 566 secundo
910 533 982 567 idus

234 581 372 627 augusti,
401 581 570 615 indictione
601 589 728 628 quarta,
756 580 982 617 incarnationis

235 629 412 665 dominicae
447 642 531 665 anno
565 630 735 665 millesimo
762 630 981 666 ducentesimo

235 679 358 714 decimo
388 687 493 718 sexto,
530 680 730 725 pontificatus
756 691 830 714 vcro
861 680 979 715 domini

235 728 364 763 Honorii
389 729 490 774 Papae
515 730 596 763 toi-iii
620 740 702 763 anno
726 729 839 776 primo.

274 785 333 816 nat.
353 786 399 816 die
420 786 452 815 l2
473 786 589 824 augusti
608 786 692 821 1215,
712 786 813 825 pontis.
831 797 905 816 nuno
923 797 938 816 ι.

589 913 627 948 ll.

277 986 470 1032 Approboti'o
497 986 614 1018 ordinis
641 987 676 1018 R.
704 987 860 1019 Dominis-i
885 988 939 1019 sub

436 1037 544 1079 regula
566 1036 599 1067 S.
623 1037 801 1078 Αιιῃηειὶηί.

500 1104 714 1135 summanum

233 1163 396 1195 Exordium.
415 1180 453 1185 —
474 1163 497 1191 l.
517 1162 679 1192 prioratum
701 1162 729 1192 S.
753 1162 874 1191 Romani
891 1162 980 1192 Tolo-

272 1217 335 1239 san.
362 1208 467 1246 recipit
497 1206 551 1237 sub
580 1207 760 1245 protectione
784 1207 811 1236 S.
835 1207 865 1235 Α.
896 1224 934 1229 -
952 1208 979 1236 2,

271 1251 449 1281 Facultatem
482 1251 530 1280 dat
563 1250 734 1289 possidendi
768 1250 852 1279 bona.
888 1268 926 1272 —
956 1252 981 1279 3.

272 1295 417 1325 Nonnulla
441 1300 585 1325 recenset.
608 1312 646 1316 —
665 1296 693 1324 l.
717 1294 834 1324 Novalia
859 1305 872 1324 a
902 1296 983 1325 deci-

272 1340 328 1370 mis
350 1339 459 1369 eximit.
489 1356 528 1361 —
559 1339 586 1367 5.
615 1338 719 1368 Clerici
743 1343 769 1367 et
792 1339 858 1368 laici
881 1339 981 1369 adsci-

272 1383 373 1414 scendi
391 1384 422 1413 in
444 1383 588 1413 ordinem.
612 1400 649 1404 —
671 1383 697 1412 ti.
718 1382 798 1412 Votis
823 1383 982 1414 obstrictus

271 1427 308 1457 ab
325 1426 427 1458 ordine
446 1426 600 1457 discedere
614 1426 724 1465 nequit.
741 1443 778 1447 ——
797 1427 822 1455 7.
838 1427 878 1456 Ad
899 1437 983 1466 paro-

270 1471 353 1502 chias
383 1471 550 1502 sacerdotes
581 1471 718 1509 eligendi.
750 1488 787 1493 —
819 1472 844 1500 8.
877 1471 981 1501 Exem-

270 1515 395 1554 ptiones.
421 1531 459 1537 —
477 1515 504 1545 9.
527 1514 674 1549 Chi-isma,
697 1515 915 1552 ordinationes,
933 1520 983 1546 etc.

271 1569 286 1589 a
299 1559 407 1599 quibus
425 1559 607 1598 accipienda.
625 1575 663 1580 —
686 1559 728 1588 10.
747 1558 903 1598 Sepultura
924 1570 985 1590 om-

266 1603 360 1641 nibus
378 1602 483 1632 libera.
500 1619 537 1624 —
557 1603 601 1632 11.
623 1602 774 1637 Quomodo
795 1603 908 1641 priores
931 1605 984 1633 eli-

270 1647 366 1684 gendi.
394 1663 433 1669 —
454 1646 621 1676 Clausulae.
654 1663 691 1668 —
721 1646 840 1676 Honorii
872 1647 923 1676 [Ψ.
957 1652 985 1678 ct

270 1689 298 1720 S.
318 1690 350 1720 R.
370 1689 400 1720 E.
418 1691 497 1720 card.
520 1689 762 1728 subscriptiones.

229 1757 358 1786 Honorius
377 1757 516 1792 episcopus
540 1763 634 1785 servus
655 1763 792 1785 servorum
808 1757 862 1790 Det.
876 1758 985 1786 dilectis

275 1801 342 1830 mus
358 1800 493 1830 nomintco
516 1801 603 1836 priori
623 1801 712 1829 sancti
730 1801 840 1829 Romani
858 1802 986 1831 Tholosa-

276 1846 378 1878 nensis.
415 1845 524 1881 eiusque
546 1845 681 1873 fratribus
706 1847 765 1874 tam
794 1847 986 1881 praesentibus

277 1896 358 1927 quam
373 1889 478 1918 futuris
496 1889 650 1925 regularem
665 1890 752 1918 vitam
770 1890 915 1926 professis,
943 1899 986 1919 se-

277 1935 364 1964 lutem
383 1935 413 1963 et
432 1934 614 1970 apostolicam
636 1934 859 1963 benedictionem.

183 2041 186 2044 Α
283 1996 477 2044 Religiosam
505 1996 597 2031 vitam
620 1996 813 2043 eligentibus
833 1998 986 2044 apostoli-

71 2049 187 2074 ⁸¹0¹⁰i=¹m·
233 2059 306 2082 cum
321 2045 468 2082 convenit
486 2045 598 2081 adesse
616 2046 824 2093 praesidium,
847 2059 885 2080 ne
908 2048 985 2082 sorte

234 2095 405 2131 cuiuslibet
436 2095 622 2130 temeritatis
655 2095 817 2137 incursus,
846 2104 900 2130 aut
932 2108 987 2132 eos

235 2158 251 2180 a
285 2145 447 2192 proposito
482 2152 631 2183 revocet,
666 2151 720 2178 aut
753 2145 851 2179 robur
884 2146 985 2191 (quod

235 2194 332 2238 absit)
353 2206 460 2228 sacrae
489 2192 649 2239 religionis
670 2193 834 2240 {infringah

285 2243 306 2290 S
343 2247 373 2277 t.
401 2242 445 2277 Ea
473 2250 622 2289 propter,
656 2241 760 2276 dilecti
797 2243 826 2277 in
851 2242 988 2278 Domino

54 2291 169 2314 ‘'⁵⁰¹¹“1m
201 2292 310 2336 flulti,
347 2292 459 2327 vestris
499 2292 589 2325 iustis
626 2291 891 2337 postulationibus
922 2293 989 2328 cle-

43 2321 126 2344 nom-ni
158 2323 224 2344 Tolo-

44 2357 87 2373 ιιι..
145 2348 362 2381 recipttmenter
391 2341 574 2381 annuimus,
604 2347 634 2374 et
661 2340 827 2375 ecclesiam
860 2342 893 2376 S.
923 2342 989 2376 Ro-

43 2383 80 2405 onb
90 2385 223 2411 proiectione

44 2412 102 2436 ,Α
237 2390 322 2426 mani
344 2389 591 2433 Tolosanensis,
614 2389 644 2422 in
672 2401 733 2435 qua
762 2389 866 2425 divino
898 2403 988 2425 man—

238 2438 333 2486 cipati
367 2439 443 2474 estis
478 2438 648 2485 obsequio,
673 2438 732 2472 sub
761 2438 797 2473 B.
834 2439 918 2474 Petri
960 2449 990 2474 et

240 2496 345 2523 nostra
375 2489 572 2535 protectione
601 2487 811 2534 suscipimus,
838 2496 869 2523 et
899 2500 990 2536 prac-

239 2537 340 2572 scntis
361 2537 469 2584 scripti
497 2537 662 2584 privilegio
684 2537 931 2573 communimus.
955 2538 989 2572 ln

240 2585 350 2633 primis
374 2586 533 2633 siquidem
556 2594 749 2629 statuentcS,
782 2594 817 2621 ut
838 2586 916 2622 ordo
938 2598 991 2621 ca-

869 230 988 254 novom
994 230 1028 252 US
1048 230 1087 253 ΠΙ
1109 230 1156 252 Pr.

1653 221 1722 254 309

1026 284 1176 322 nonicus.
1215 284 1269 330 qui
1305 284 1483 320 secundum
1524 285 1629 321 Deum
1669 294 1700 321 et
1734 286 1759 321 B

1024 332 1192 378 Augustini
1216 333 1354 379 regulam
1378 335 1408 368 in
1431 334 1542 371 eadem
1555 334 1699 371 Ecclesia
1723 335 1771 370 in-

1023 382 1150 416 stitutus
1178 394 1247 416 esse
1274 382 1485 428 dignoscitur,
1513 385 1676 432 perpetuis
1708 384 1771 419 ibi-

1023 430 1095 465 dem
1111 431 1308 478 temporibus
1330 432 1550 468 inviolabiliter
1572 433 1767 469 observetur.

1071 480 1091 525 g
1118 482 1150 513 2.
1186 480 1351 515 Praeterea
1390 493 1609 529 quascumque
1643 495 1768 530 posses·
1791 488 1965 538 fficfifflfflfnbffl

1023 529 1140 572 sioncs,
1162 542 1384 576 quaecumque
1405 531 1484 565 bona
1497 531 1607 567 eadem
1627 533 1766 568 Ecclesia
1782 519 1904 571 &mmm
1941 524 1965 538 θ’

1025 579 1054 615 in
1083 579 1331 625 praesentiarum
1356 580 1437 613 iuste
1464 588 1495 614 ct
1520 582 1672 616 canonice
1695 594 1769 629 pos-

1022 628 1115 666 sidet,
1142 635 1196 663 aut
1225 628 1255 662 in
1285 628 1424 663 futurum
1452 631 1656 665 concessione
1685 631 1769 665 Pon-

1024 677 1157 721 tificum,
1179 677 1344 724 largitione
1368 690 1478 723 regum
1508 679 1555 713 vol
1579 680 1769 726 principum.

1022 726 1180 761 oblatione
1204 726 1356 766 fidetium,
1384 739 1439 761 seu
1463 727 1532 762 aliis
1554 729 1646 763 iustis
1667 729 1771 763 modis

1024 783 1200 822 praestante
1218 774 1356 810 Domino
1380 776 1494 823 poterit
1518 777 1660 824 adipisci,
1682 778 1770 812 firma

1022 825 1111 859 vobis
1132 824 1304 872 vestrisque
1333 826 1574 861 successoribus
1599 834 1631 861 et
1654 827 1769 862 illibata

1023 882 1237 920 permaneant.

1070 923 1090 969 g
1113 926 1143 957 3.
1168 923 1201 957 ln
1224 923 1342 970 quibus
1363 924 1440 959 hacc
1463 925 1597 971 propriis
1621 925 1771 960 duximus

1022 972 1225 1018 exprimenda
1263 972 1445 1012 vocabulis.
1491 974 1627 1009 scilicet:
1666 975 1770 1010 locum

1024 1022 1127 1068 ipsum
1157 1022 1186 1055 in
1210 1034 1273 1068 quo
1301 1022 1436 1068 praefata
1467 1024 1600 1058 ecclesia
1627 1024 1684 1058 sita
1712 1033 1771 1064 est,

1023 1082 1095 1105 cum
1127 1071 1275 1105 omnibus
1315 1072 1516 1117 pertinentiis
1547 1074 1624 1107 suis.
1654 1073 1771 1109 Eccle-

1023 1120 1100 1153 siam
1123 1119 1161 1153 dc
1191 1119 1370 1159 Prulliano,
1398 1133 1470 1155 cum
1497 1121 1646 1157 omnibus
1673 1124 1772 1170 perti-

1024 1169 1142 1203 nentiis
1169 1168 1246 1202 suis.
1271 1169 1381 1203 Villam
1409 1170 1448 1204 de
1470 1169 1672 1216 Cassenolio,
1698 1184 1771 1207 cum

1024 1217 1171 1252 omnibus
1207 1218 1405 1264 pertinentiis
1431 1219 1508 1253 suis.
1539 1219 1714 1256 Ecclesiam
1737 1221 1771 1256 S.

1025 1266 1140 1300 Mariae
1167 1266 1205 1300 dc
1229 1267 1386 1307 Lescura,
1409 1281 1481 1302 cum
1508 1269 1659 1304 omnibus
1681 1271 1774 1317 perti=

1025 1316 1140 1350 nentiis
1167 1314 1245 1349 suis.
1277 1315 1438 1361 Hospitale
1460 1317 1664 1362 Tolosanen„
1687 1319 1771 1365 quod

1025 1364 1141 1399 dicitur
1177 1364 1306 1399 Arnaldi
1336 1366 1491 1409 Berardi,
1525 1379 1596 1401 cum
1626 1368 1775 1402 omnibus

1026 1413 1225 1460 pertinentiis
1248 1414 1324 1448 suis.
1355 1414 1527 1450 Ecclesiam
1555 1416 1589 1451 S.
1613 1416 1775 1451 Trinitatis

1025 1463 1065 1497 de
1100 1462 1245 1506 Lobens,
1283 1475 1355 1497 cum
1392 1465 1542 1499 omnibus
1579 1466 1775 1512 pertinentiis

1025 1511 1102 1547 suis.
1133 1511 1280 1546 Dccimas
1306 1525 1322 1547 a
1349 1513 1520 1548 venerabili
1549 1514 1641 1549 fratre
1669 1524 1776 1550 nostro

1027 1561 1166 1595 Fulcone
1202 1561 1417 1597 Tolosanensc
1451 1563 1617 1610 episcopo,
1654 1564 1693 1599 dc
1724 1577 1776 1599 as-

1026 1622 1121 1645 sensu
1152 1610 1279 1656 capituli
1307 1612 1355 1645 sui
1387 1611 1475 1647 vobis
1502 1613 1551 1659 pia
1586 1621 1616 1646 rt
1647 1613 1775 1659 provida

1026 1659 1212 1694 liberalitate¹
1247 1671 1433 1704 concessas,
1461 1669 1554 1707 prout
1582 1662 1613 1696 in
1646 1675 1776 1697 corum-

1027 1708 1098 1744 dem
1119 1708 1216 1742 litoris
1239 1709 1364 1755 plenius
1386 1710 1576 1745 continetur.

1078 1758 1097 1804 g
1124 1759 1156 1790 i.
1184 1757 1268 1792 Sane
1295 1758 1451 1793 novalium
1480 1767 1673 1799 vestrorum,
1696 1772 1775 1807 quae

1028 1806 1168 1853 propriis
1195 1806 1341 1842 manibus
1381 1808 1427 1842 vel
1454 1809 1636 1856 sumptibus
1663 1809 1775 1852 colitis,

1027 1856 1093 1890 sive
1108 1855 1147 1889 de
1170 1864 1344 1890 vestrorum
1361 1857 1545 1892 animalium
1566 1858 1777 1900 nutrimentis,

1029 1905 1134 1939 nullus
1156 1917 1172 1938 a
1200 1904 1288 1939 vobis
1313 1905 1453 1940 decimas
1492 1906 1617 1953 exigere
1649 1907 1696 1942 vel
1724 1920 1778 1942 ex-

1029 1961 1175 2000 torquere
1203 1963 1392 1999 praesumat.

1078 2004 1098 2049 g
1121 2004 1152 2036 5.
1182 2003 1289 2038 Liceat
1310 2015 1437 2051 quoque
1460 2004 1562 2045 vobis,
1584 2004 1715 2040 clericos
1731 2005 1777 2040 vel
1805 2008 1973 2059 ‘>¹²s·‘¹⁶'d.¹⁶¹‘'

1031 2051 1144 2095 laicos,
1184 2052 1299 2086 liberos
1332 2060 1362 2087 et
1394 2053 1574 2093 absolutos,
1609 2066 1625 2088 c
1652 2041 1924 2091 saecutossiiiss‘ff'
1954 2045 1974 2058 'a

1030 2101 1204 2146 fugienteS,
1231 2101 1268 2135 ad
1300 2103 1538 2137 conversionem
1568 2104 1724 2149 recipere,
1751 2112 1779 2137 et

1030 2162 1084 2184 eos
1105 2150 1225 2196 absque
1246 2151 1494 2186 contradictione
1513 2152 1616 2198 aliqua
1635 2153 1778 2186 retinere.

1079 2199 1099 2245 g
1121 2200 1153 2232 6.
1177 2199 1387 2234 prohibemns
1410 2200 1549 2246 insuper,
1573 2208 1605 2234 ut
1630 2201 1706 2234 nulli
1725 2201 1781 2235 l'ra-
1810 2204 1867 2225 ΨΜ
1897 2205 1975 2224 (Μή-

1031 2254 1112 2281 trum
1137 2256 1329 2291 vestrorum,
1359 2258 1427 2295 post
1450 2249 1559 2283 factam
1588 2249 1617 2283 in
1642 2249 1780 2284 Ecclesia
1795 2236 1977 2288 Eissssii'ss'ffi'gff

1032 2304 1131 2330 vestra
1160 2297 1406 2342 professionem,
1442 2298 1486 2332 sas
1517 2299 1556 2331 sit
1580 2298 1648 2333 sine
1670 2298 1782 2345 prioris
1796 2299 1847 2324 Ψω-

1032 2346 1081 2379 sui
1106 2345 1243 2384 licentia,
1263 2345 1302 2379 de
1318 2346 1429 2380 eodem
1453 2346 1534 2385 loco,
1558 2347 1616 2380 nisi
1639 2348 1783 2382 arctioris

1033 2393 1196 2439 religionis
1209 2394 1339 2427 obtentu
1356 2394 1531 2430 discedere.
1557 2395 1781 2431 Discedenteni

1033 2454 1107 2476 vero
1129 2442 1247 2488 absque
1280 2443 1440 2478 communi
1469 2444 1631 2479 literarum
1665 2452 1784 2480 vestra-

1034 2503 1102 2526 rum
1126 2492 1282 2532 cautione,
1306 2492 1411 2526 nullus
1435 2492 1548 2527 audeat
1571 2494 1714 2529 retinere.

1083 2540 1156 2586 57.
1192 2540 1226 2574 ln
1262 2541 1493 2587 parochialibus
1529 2554 1600 2577 vero
1634 2543 1785 2579 Ecclesiis
1813 2547 1841 2567 Μ
1872 2547 1980 2573 Ρ”””’“”·

1800 2578 1923 2597 efferentes
1941 2578 1980 2597 ei!-

1035 2601 1115 2635 quas
1139 2588 1278 2629 habetis,
1300 2590 1392 2624 liceat
1414 2591 1502 2625 vobis
1528 2591 1704 2627 sacerdotes
1726 2593 1786 2628 eli-
1800 2608 1868 2632 mii.

1789 229 1835 256 An.
1855 229 1885 256 C.
1902 229 1968 255 teto

1799 932 1901 954 Nonnulla
1930 938 1969 954 re:-

1787 968 1861 985 censet

1802 1766 1888 1786 Navalia
1903 1773 1911 1786 a
1935 1768 1969 1787 deff

1790 1799 1849 1819 rimis
1866 1799 1944 1818 enituit,
