2129 3223
47 220 94 248 Αιι.
109 219 135 247 C.
160 220 224 247 mn

2 1606 17 1635 ,ἰ
48 1608 216 1631 ἏΙοηιιεῑεπίἰΙιιι-

0 1638 15 1670 ς]
36 1639 68 1661 lus
81 1640 155 1661 status.

830 218 998 242 tNNocssNTt
1005 219 1038 241 [S
1062 219 1068 240 l
1076 219 1096 240 tt
1122 219 1168 240 ΡΡ.

238 275 345 310 stolica
372 273 606 312 confirmamus,
629 281 659 308 et
682 273 851 319 praesentis
873 273 979 320 scripti

239 333 411 371 patrocinio
441 335 686 358 communimus,

285 373 368 408 Nulli
395 384 470 420 ergo
491 380 557 417 ela,
584 372 833 407 confirmationis
860 380 911 406 etc.
947 372 980 407 Si

236 423 308 470 quis
333 430 435 458 autem
458 429 510 456 etc.

284 472 398 507 Datum
439 471 605 515 Laterani,
643 484 675 506 iv
717 483 788 506 non.
831 471 981 511 ianuarii,

236 521 435 568 pontificatus
462 522 558 556 nostri
581 533 663 555 anno
684 521 910 556 decimosexto.

247 578 308 608 Dat.
326 578 373 608 die
395 577 413 608 2
435 579 561 609 ianuarii
583 578 667 614 1214,
686 578 786 617 pontif.
810 587 885 607 anno
903 587 959 607 xvi.

589 728 626 763 C.

235 807 433 853 Confirmatio
460 808 607 840 bonorum
623 807 770 844 omnium,
794 807 979 849 libertatum,

281 857 520 899 immunitatum,
552 868 589 890 ac
608 857 839 901 privilegiorum
868 868 978 889 mona—

280 907 403 940 chorum
427 906 541 939 Montis
563 907 681 949 Sancti,
708 906 762 950 qui
781 907 834 938 sub
856 914 979 950 aposto-

279 957 340 989 lim
356 956 541 1001 protectione
562 956 746 999 recipiuntur
770 957 829 997 (l).

498 1029 712 1060 StttttMARttssu

230 1097 395 1128 Monasterii
418 1096 506 1126 liuius
535 1100 636 1125 status.
658 1112 697 1118 —
727 1095 880 1133 Privilegia
908 1096 933 1125 ei
962 1105 975 1125 a

270 1141 451 1182 principibus
473 1149 625 1170 concessa.
645 1157 683 1162 —
705 1139 883 1169 Diminutum
904 1140 977 1170 affii-

269 1191 405 1225 ctumque
437 1186 644 1214 monasterium
673 1194 686 1213 a
710 1184 835 1223 quodam
864 1185 976 1223 perdito

269 1231 397 1261 homine.
423 1247 462 1252 —
482 1229 558 1259 Illud
582 1229 637 1258 sub
659 1229 818 1267 apostolica
852 1229 977 1267 suscipit

269 1275 464 1314 protectione,
486 1272 635 1302 libertates
658 1281 758 1301 omnes
785 1273 878 1302 eidem
903 1282 975 1302 con-

269 1320 398 1350 firmans.

228 1390 396 1421 Innocentius
406 1390 548 1426 episcopus
560 1395 655 1418 servus
668 1395 808 1418 servorum
818 1387 872 1420 Dei.
885 1388 976 1416 sancti

271 1439 414 1470 Athanasii
433 1438 603 1474 caeterisque
624 1437 767 1465 abbatibus
784 1438 813 1465 et
838 1437 975 1465 monachis

273 1489 373 1518 montis
391 1488 491 1517 saneti.

278 1555 440 1591 Relatione
463 1555 629 1590 illustrium
653 1562 681 1589 et
718 1565 902 1600 magnorum
928 1555 974 1588 vi-

231 1617 338 1642 rorum
358 1614 464 1640 nostro
485 1613 531 1639 est
559 1604 743 1651 apostolatui
767 1603 973 1642 declaratum

216 1649 313 1703 'quod
335 1655 400 1699 itte,
434 1654 486 1702 qui
514 1662 561 1688 est
587 1665 679 1688 mons
705 1653 820 1688 domus
847 1653 972 1687 Domini

230 1712 434 1752 praeparatus
455 1704 486 1738 in
519 1703 634 1738 vertice
669 1703 834 1741 montium
871 1710 902 1735 ut
935 1702 973 1736 ad

229 1767 302 1790 eum
324 1754 483 1789 confluant
509 1765 620 1787 omnes
640 1759 761 1798 gentes
783 1751 919 1786 Sanctus
934 1752 975 1785 vi-

229 1803 344 1840 delicet
363 1802 564 1846 Sanctorum,
591 1802 643 1849 qui
670 1800 829 1836 Ecclesiae
861 1800 974 1835 sunda—

231 1861 334 1889 menta
366 1853 399 1887 iu
449 1852 566 1886 sanctis
596 1850 756 1885 montibus
794 1849 973 1891 collocavit,

230 1902 369 1937 Montem
401 1909 538 1937 vestrum
576 1913 671 1947 super
705 1912 789 1935 mare
815 1899 908 1934 situm
937 1900 972 1935 ad

230 1950 467 1988 inhabitandum
510 1951 577 1985 suis
622 1949 765 1984 fidelibus
803 1949 973 1996 praeelegit;

230 2001 282 2049 qui
305 2001 448 2036 effectum
471 1999 519 2034 sui
543 1999 678 2034 nominis
718 2006 749 2033 et
784 1999 921 2033 numinis
944 2000 972 2033 in

231 2063 265 2086 se
296 2050 434 2091 habens,
460 2049 534 2084 licet
565 2049 671 2083 aridus
698 2049 738 2083 sit
766 2056 795 2083 et
820 2060 923 2094 asper,
938 2061 974 2083 ac

231 2099 412 2147 temporalis
426 2098 592 2134 fertilitatis
611 2098 707 2145 gratia
724 2097 906 2138 destitutus,
929 2107 973 2133 est

231 2160 336 2186 tamen
362 2149 443 2184 inter
468 2148 545 2183 alios
567 2147 674 2182 mundi
697 2156 818 2182 montes
841 2148 973 2182 maxima

230 2199 443 2248 spiritualium
466 2198 608 2232 ubertate
635 2196 818 2231 mirabiliter
835 2196 971 2232 foecun—

230 2251 332 2286 datus.
371 2248 449 2283 Nam
477 2260 548 2282 cum
577 2247 723 2281 trecentis
758 2247 973 2290 monasteriis7

230 2307 261 2335 et
283 2297 417 2345 gloriosa
441 2297 658 2343 religiosorum
681 2296 814 2330 xirorum
838 2295 974 2331 multitu-

231 2348 304 2384 dine
336 2355 451 2382 aretam
481 2355 509 2381 et
537 2356 706 2393 pauperem
736 2345 825 2379 vitam
848 2345 973 2380 ducen-

232 2399 310 2433 tium
332 2396 508 2439 decoretur,
537 2402 620 2430 tanta
643 2405 743 2440 usque
765 2393 858 2429 modo
881 2395 996 2429 resto-¹

233 2447 293 2482 ruit
308 2445 490 2481 excellentia
513 2443 696 2481 honestatis,
710 2452 792 2477 tanta
811 2443 974 2490 religionis

232 2497 342 2532 eximia
377 2495 514 2530 claritate
541 2492 670 2533 refulsit,
698 2500 731 2526 ut
752 2492 790 2527 de
814 2493 880 2539 ipso
901 2505 972 2527 cum

232 2544 325 2581 Iacob
345 2554 429 2580 recte
452 2544 548 2592 possit
569 2543 641 2590 quis
659 2541 762 2576 dicere
779 2541 973 2577 admirando:

267 2608 307 2644 (i)
322 2609 360 2636 Ex
379 2609 479 2641 Baluz.,
496 2608 541 2636 tib.
559 2615 618 2641 xvi,
637 2607 718 2642 Epist.
741 2604 797 2632 ¹68.

1647 207 1709 239 291

1023 272 1101 306 Vere
1142 280 1268 306 sanetus
1300 280 1342 306 est
1379 273 1434 306 iste
1466 272 1570 312 locus·‚
1609 272 1681 318 quia
1715 270 1766 306 'nic

1022 331 1067 357 est
1091 320 1210 355 Domus
1224 321 1292 359 Dei,
1315 330 1343 355 et
1365 321 1517 369 quaedam
1533 320 1766 368 quodammodo

1024 379 1108 417 porta
1130 371 1222 409 coeli,
1250 370 1301 405 ubi
1332 371 1498 406 multitudo
1513 370 1655 405 coelestis
1677 382 1764 405 exer-

1022 421 1112 461 citus,
1136 429 1290 467 tamquam
1319 428 1489 455 castrorum
1512 421 1594 456 acies
1612 420 1764 464 ordinata,

1021 479 1049 506 et
1079 478 1181 517 parata
1210 470 1360 505 suscitare
1390 470 1563 510 Leviatam‚
1599 470 1764 504 victoriose

1023 529 1139 565 pugnat
1175 519 1287 565 iugiter
1321 530 1392 553 cum
1438 527 1591 563 dracone,
1631 519 1765 565 psallens

1021 569 1157 604 Domino
1193 569 1360 615 sapienter.
1407 568 1538 615 Propter
1573 568 1656 624 quod
1692 581 1762 602 cum

1022 619 1080 652 iam
1107 618 1225 652 dudum
1260 618 1338 652 fama
1375 618 1464 652 vestri
1501 618 1658 660 nominis
1685 629 1765 664 quae

1022 667 1120 703 luerat
1147 667 1245 702 effusa
1280 668 1359 702 sicut
1394 667 1496 701 oleum
1520 667 1764 714 circumquaque

1021 717 1134 752 multos
1158 716 1291 764 populos
1316 716 1353 751 ad
1377 728 1410 751 se
1432 716 1558 751 traxerit
1580 716 1611 750 in
1634 716 1762 751 odorem

1022 775 1252 812 unguentorum
1293 774 1488 805 vestrorum,
1522 777 1606 812 ipsos
1637 778 1763 800 currere

1021 816 1137 851 faciens
1161 829 1176 851 a
1206 817 1345 856 remotis,
1380 815 1587 850 Ecclesiarum
1624 814 1763 861 praelati,

1019 874 1049 900 et
1076 866 1278 913 imperatores
1315 864 1654 912 Constantinopolitani
1693 864 1764 911 plu—

1021 928 1132 962 resque
1156 917 1312 961 principes
1333 915 1507 949 saeculares
1531 926 1585 961 per
1605 914 1764 960 privilegia

1019 978 1073 999 sua
1096 965 1192 999 multa
1221 965 1293 1000 olim
1318 973 1418 998 tantae
1442 964 1592 998 libertatis
1621 964 1764 1010 praeemi-

1020 1015 1122 1049 nentia
1150 1027 1204 1049 vos
1230 1015 1376 1048 dotarunt
1409 1021 1444 1048 ut
1476 1021 1546 1059 post
1572 1012 1686 1055 Deum,
1713 1013 1762 1047 cui

1020 1076 1072 1098 vos
1099 1063 1241 1098 volebant
1270 1063 1364 1098 libere
1392 1062 1544 1101 famulari,
1571 1062 1690 1096 nullius
1706 1074 1764 1096 un-

1017 1170 1117 1197 terum
1139 1164 1274 1207 peccatis
1290 1161 1489 1206 exigentibus
1512 1173 1596 1195 nunc
1617 1173 1654 1195 ex
1677 1169 1762 1207 parte

1019 1211 1072 1246 lias
1105 1212 1229 1257 infregit
1256 1212 1413 1246 mundana
1443 1210 1578 1258 potentia
1605 1209 1762 1245 libertates

1019 1273 1073 1307 per
1094 1261 1248 1308 quendam
1273 1260 1328 1295 Dei
1351 1269 1380 1295 et
1408 1260 1568 1295 Ecclesiae
1584 1259 1760 1299 inimicum,

1017 1310 1068 1356 qui
1108 1310 1289 1345 latrunculis
1327 1310 1525 1356 congregatis
1560 1310 1590 1344 in
1624 1308 1761 1355 quodam

1016 1367 1129 1402 castro,
1151 1360 1235 1406 quod
1260 1359 1340 1393 idem
1366 1360 1394 1393 in
1423 1359 1529 1394 Monte
1552 1365 1655 1393 vestro
1682 1370 1760 1393 con·

1016 1416 1169 1443 struxerat
1191 1422 1246 1455 per
1260 1408 1410 1443 auxilium
1440 1408 1558 1442 bracliii
1582 1407 1760 1445 saecularis,

1016 1471 1076 1492 nou
1125 1458 1228 1493 solum
1268 1458 1417 1493 ecclesias
1453 1466 1568 1492 vestras
1600 1464 1759 1504 tamquam

1018 1508 1132 1553 praedo
1170 1508 1342 1554 sacrilegus
1363 1515 1392 1542 et
1413 1507 1565 1551 crudelis,
1588 1519 1675 1550 auro,
1710 1519 1760 1541 ar-

1016 1565 1120 1603 gento,
1147 1567 1177 1593 et
1211 1558 1405 1593 ornamentis
1429 1557 1576 1592 omnibus
1603 1557 1759 1603 spoliavit,

1017 1619 1121 1641 vetum
1160 1608 1255 1641 etiam
1284 1616 1315 1641 ut
1359 1607 1523 1653 pecuniam
1561 1605 1760 1649 exhauriret,

1016 1669 1107 1702 quam
1137 1669 1189 1690 vos
1217 1656 1363 1691 credebat
1389 1656 1440 1691 ille
1465 1655 1649 1701 perditionis
1677 1655 1760 1689 lilius

1015 1717 1239 1752 congregasse,
1262 1714 1419 1752 tamquam
1459 1706 1586 1740 insanus
1624 1705 1758 1739 carnifex

1015 1763 1107 1801 atque
1131 1763 1226 1790 tortor
1253 1755 1384 1802 peremit.
1412 1754 1577 1789 crudeliter
1607 1754 1757 1801 quosdam

1016 1812 1152 1839 vestrum
1179 1804 1343 1851 multiplici
1372 1817 1485 1850 genere
1519 1812 1759 1845 tormentorum,

1015 1854 1068 1888 sed
1097 1854 1222 1889 tandem
1245 1867 1301 1889 sua
1322 1867 1411 1900 prava
1436 1854 1607 1888 intentione
1629 1853 1694 1888 frus
1711 1867 1759 1889 ra-

1016 1912 1081 1943 tus,
1122 1917 1214 1950 quan]
1243 1904 1272 1938 in
1301 1904 1426 1938 camino
1461 1904 1642 1950 cupiditatis
1679 1904 1760 1949 ignis

1015 1953 1161 1988 avaritiae
1190 1953 1411 1992 succendebat,
1427 1953 1537 1987 exinde
1557 1953 1671 1987 iustitia
1694 1954 1759 1988 exi-

1014 2011 1106 2048 gente
1130 2015 1183 2048 per
1209 2004 1407 2049 imperatoris
1432 2002 1600 2049 potentiam
1629 2010 1675 2036 est
1702 2003 1759 2037 de-

1016 2053 1124 2087 iectus.
1148 2052 1240 2087 Unde
1256 2064 1293 2085 ne
1306 2053 1488 2098 cuiusquam
1512 2052 1759 2098 praesumptoris

1015 2102 1142 2136 audacia
1177 2102 1310 2136 volentis
1347 2101 1593 2136 iurisdictionem
1623 2101 1757 2147 aliquam

1015 2164 1109 2196 super
1144 2163 1196 2185 vos
1233 2151 1291 2184 sibi
1329 2160 1443 2185 temere
1472 2162 1621 2196 usurpare
1659 2158 1757 2184 vestra

1017 2213 1072 2246 pax
1096 2208 1123 2234 et
1146 2200 1355 2246 tranquillitas
1385 2199 1424 2233 de
1447 2209 1568 2234 caetero
1596 2199 1759 2245 perturbe-

1015 2258 1075 2286 tur,
1097 2248 1187 2283 nobis
1203 2249 1359 2283 humiliter
1374 2248 1583 2294 supplicastis,
1600 2256 1631 2281 ut
1651 2249 1759 2283 vestris

1017 2299 1103 2332 vobis
1143 2298 1336 2332 libertatibus
1369 2298 1559 2332 confirmatis
1592 2297 1650 2331 sub
1677 2296 1756 2331 beati

1015 2348 1097 2381 Petri
1125 2359 1160 2381 ac
1182 2355 1285 2381 nostra
1311 2346 1501 2401 protectione
1524 2358 1578 2380 ios
1593 2346 1758 2402 suscipere

1015 2396 1226 2442 dignaremur.
1256 2395 1282 2428 Υ
1285 2396 1403 2429 olentes
1422 2396 1515 2440 igitur
1532 2396 1598 2442 paci
1614 2403 1645 2429 et
1662 2396 1756 2442 quieti

1016 2454 1134 2479 testrae
1168 2453 1295 2499 paterna
1329 2444 1540 2478 sollicitudine
1574 2445 1756 2491 providere

1014 2494 1125 2529 κρεῑνιε
1168 2494 1257 2528 iustis
1297 2493 1558 2540 postulationibus
1597 2494 1756 2538 inclinati,

1779 214 1829 240 An.
1844 213 1872 239 C.
1894 213 1959 239 ΠΜ

1799 817 1909 842 privilegiu
1940 819 1958 838 ei

1778 855 1788 868 a
1831 850 1958 875 principibus

1778 886 1886 900 concessa.

1788 1462 1914 1483 Diminutum
1929 1462 1958 1482 al-

1774 1494 1893 1521 ssictumque
1911 1500 1957 1514 mo-

1775 1526 1889 1546 nasteriurn

1775 1557 1862 1583 quodam
1874 1556 1955 1582 perdito

1775 1586 1866 1607 hominu.

1787 2404 1838 2425 lllud
1850 2406 1886 2425 suh
1902 2411 1941 2432 apo

1773 2436 1847 2456 stolica
1868 2437 1945 2462 suscipi
1941 2438 1955 2456 it

1773 2471 1843 2493 prote
1835 2469 1912 2491 ctione,
1929 2468 1955 2486 Ι.

1771 2498 1830 2519 berta
1821 2502 1865 2519 ates
1882 2503 1956 2518 omnes

1732 2544 1737 2550 .
1772 2530 1839 2549 eidem
1876 2529 1954 2549 contire

1016 2555 1162 2590 personas
1200 2553 1229 2578 et
1269 2543 1371 2578 locum
1399 2544 1428 2577 in
1456 2555 1518 2590 quo
1553 2543 1659 2578 divinc
1682 2552 1756 2579 estis

1015 2593 1166 2640 obsequio
1195 2593 1378 2640 mancipati,
1400 2592 1615 2640 possessiones
1646 2593 1755 2635 etiam,

1772 2566 1838 2580 mall!-
