2129 3223
36 258 86 287 An.
103 258 133 288 c.
149 260 211 288 ¹²0¹

0 2046 1 2050 ¹
40 2043 124 2070 imperii
147 2043 208 2070 prin-

0 2068 1 2102 l
26 2073 86 2101 εἰμι
104 2074 209 2094 certiores

26 2102 76 2126 luit
89 2105 115 2126 do
130 2105 208 2126 counr-

28 2138 82 2156 mato
87 2135 164 2157 Othoni
172 2137 210 2156 im-

28 2167 94 2194 perio:

822 258 1032 282 lhwocztwlus
1054 258 1091 282 111
1114 258 1161 281 PP-

229 323 260 351 et
285 315 407 358 existat,
428 325 466 349 ex
489 313 525 348 iis
551 325 630 360 quae
653 313 872 361 praemisimus
899 313 974 349 satis

230 372 322 411 patet.
358 363 449 406 Quod
477 370 564 410 pater
598 370 628 397 et
671 362 765 397 frater
808 363 876 398 eius
916 376 974 398 vo-

229 414 278 450 bis
299 413 506 461 imposuerint
533 424 625 459 grave
660 413 780 459 iugum,
822 425 875 448 vos
912 414 971 461 ipsi

228 463 388 512 perhibete
415 463 631 498 testimonium
654 463 784 498 veritati.
818 463 896 498 Nam
940 471 973 498 ut

227 520 345 549 caetera
373 520 542 557 taceamus,
568 512 628 547 hoc
649 512 751 547 solum
776 513 861 560 quod
885 513 974 549 vobis

227 563 259 598 in
281 562 506 598 substitutione
533 562 731 610 imperatoris
752 562 888 608 eligendi
919 576 972 598 vo-

225 612 341 649 luerint
369 612 507 648 adimere
548 612 737 653 facultatem,
772 612 906 648 libertati
942 622 970 648 et

226 662 336 698 honori
358 670 460 697 vestro
481 674 543 697 non
570 661 730 696 modicum
766 662 967 709 derogarunt.

226 711 317 747 Unde
343 712 368 747 si
391 712 471 747 sicut
497 712 571 746 olim
600 712 676 758 patri
701 711 796 756 filius,
823 712 868 748 sic
888 725 971 748 nunc

225 761 405 797 immediate
432 761 615 797 succederet
642 761 735 796 frater
757 761 860 801 fratri,
882 762 970 798 vide-

226 819 309 846 retur
335 811 498 858 imperium
518 823 580 846 non
596 823 632 846 ex
655 811 808 846 electione
823 812 969 853 conferri,

224 861 281 897 sed
307 873 345 897 ex
384 861 584 897 successione
619 861 737 896 deberi.
780 861 843 897 Nos
876 863 971 908 igitur

223 912 374 960 quoniam
395 911 520 946 duobus
541 910 580 947 ad
601 910 784 946 habendum
807 912 900 947 simul
917 913 969 948 im-

223 966 347 1014 perium
374 965 475 1000 favere
502 977 560 1000 nec
581 977 752 1013 possumus
773 978 832 1002 nec
869 967 969 1003 debe-

222 1032 307 1061 mus,
328 1031 387 1054 nec
407 1019 565 1054 credimus
587 1031 740 1067 personae
763 1020 794 1055 in
823 1020 967 1069 imperio,

221 1074 277 1110 sed
314 1073 445 1120 imperio
483 1074 514 1108 in
549 1086 680 1121 persona
716 1075 821 1122 potius
858 1078 969 1123 provi-

222 1127 375 1169 dendum,
402 1128 477 1174 quia
503 1128 596 1163 etiam
619 1127 658 1162 ad
680 1128 741 1163 hoc
762 1129 888 1176 dignior
917 1144 968 1167 re-

222 1189 361 1230 putatur,
381 1182 435 1229 qui
459 1182 558 1228 magis
584 1182 719 1217 idoneus
740 1184 906 1231 reperitur,
928 1199 966 1222 ex

221 1236 326 1272 causis
356 1235 533 1284 praedictis.
569 1248 632 1270 non
659 1237 880 1274 amaritudinis
914 1242 966 1276 sed

221 1290 421 1326 rectitudinis
446 1289 525 1331 zelo,
553 1289 633 1325 sicut
661 1291 687 1325 is
713 1291 800 1326 novit
836 1294 888 1340 qui
925 1308 969 1331 re—

221 1356 299 1380 num
321 1352 368 1380 est
393 1351 547 1379 scrutator
568 1351 598 1379 et
619 1344 778 1390 cordium,
800 1358 966 1393 personam

221 1397 371 1447 Philippi,
398 1406 556 1444 tamquam
591 1398 752 1445 indignam
775 1402 877 1447 quoad
913 1405 968 1440 im-

222 1452 344 1500 perium
372 1452 555 1500 praesertim
602 1452 662 1487 hoc
704 1461 846 1501 tempore
891 1458 968 1494 obti-

221 1505 376 1552 nendum,
399 1507 524 1554 penitus
550 1506 767 1554 reprobamus,
809 1517 840 1544 et
881 1512 967 1548 iura-

220 1568 326 1596 menta
346 1572 426 1609 quae
449 1560 570 1596 ratione
595 1561 682 1607 regni
705 1569 779 1596 sunt
807 1564 834 1598 ei
876 1579 968 1613 prae-

220 1614 293 1649 stita
312 1613 512 1650 decernimus
534 1626 596 1649 non
623 1615 788 1656 servanda,
815 1630 876 1654 non
904 1629 966 1656 tam

221 1675 348 1716 propter
368 1676 517 1716 paternos
550 1668 597 1703 vel
637 1668 790 1705 fraternos
807 1684 965 1716 excessus,

220 1734 314 1769 quam
345 1723 503 1771 propriam
543 1723 612 1757 eius
649 1723 784 1771 culpam.
817 1726 968 1767 Quamvis

221 1788 284 1812 non
306 1776 489 1823 ignoremus
510 1776 629 1812 dictum
668 1789 686 1811 a
716 1777 872 1815 Domino:
902 1782 967 1829 Ego

220 1843 291 1866 sum
309 1831 398 1866 Deus
419 1831 553 1872 Zelotes,
581 1831 742 1866 vindicans
765 1842 889 1880 peccata
911 1849 967 1883 pa—

222 1892 304 1920 trum
331 1885 362 1920 in
384 1884 465 1920 filios
487 1897 587 1933 usque
613 1884 644 1919 in
672 1886 793 1921 tertiam
821 1897 850 1923 et
871 1903 967 1937 quar-

222 1947 282 1973 tam
311 1939 495 1986 progeniem
538 1939 567 1973 in
595 1938 632 1983 iis
654 1940 707 1987 qui
735 1941 869 1977 oderunt
905 1956 967 1985 me,

221 1992 254 2028 id
274 1992 374 2028 estin
401 1993 440 2028 iis
472 1993 525 2040 qui
565 2001 672 2028 contra
708 2007 758 2030 me
800 2004 966 2043 paternum

222 2046 330 2083 odium
352 2047 525 2082 imitantur.
541 2046 622 2082 Cum
636 2056 741 2084 autem
763 2049 968 2088 charissimus

222 2098 254 2137 in
275 2101 402 2137 Christo
420 2101 502 2136 filius
524 2109 629 2136 noster
650 2102 724 2138 Otto
751 2104 798 2139 vir
836 2106 876 2140 sit
920 2108 968 2142 in-

223 2155 373 2198 dustrius,
382 2156 530 2203 providus
539 2164 568 2190 et
583 2156 748 2199 discretus,
757 2158 844 2195 fortis
856 2168 885 2195 et
898 2173 970 2196 cou-

222 2218 321 2251 stans,
334 2217 365 2245 et
387 2223 440 2258 per
467 2223 500 2245 se
525 2210 655 2245 devotus
672 2212 781 2247 existat
796 2213 969 2259 Ecclesiae,

223 2276 260 2299 ac
271 2263 441 2299 descendat
466 2276 502 2299 ex
530 2272 661 2311 utraque
683 2274 768 2312 parte
794 2267 833 2302 de
855 2281 969 2315 genere

223 2318 421 2363 devotorum,
434 2331 506 2354 cum
526 2318 619 2353 etiam
647 2318 765 2355 electus
792 2320 822 2356 in
850 2334 968 2369 regem,

225 2372 278 2408 ubi
299 2371 421 2412 debuit,
443 2380 473 2407 et
494 2385 510 2407 a
532 2384 595 2419 quo
619 2371 729 2408 debuit
754 2374 845 2410 fuerit
879 2388 969 2412 coro-

225 2433 330 2467 natus,
351 2434 381 2461 et
406 2426 474 2474 ipse
500 2438 575 2462 suae
596 2427 788 2463 strenuitatis
809 2436 838 2464 et
864 2430 970 2477 probi-

225 2480 296 2515 tatis
317 2480 436 2515 meritis
462 2481 499 2515 ad
528 2480 701 2527 regendum
719 2488 749 2516 et
769 2482 968 2518 exaltandum

226 2534 394 2582 imperium
417 2534 549 2570 idoneus
569 2547 639 2570 esse
665 2534 843 2571 nullatenus
875 2537 971 2572 dubi-

227 2594 320 2629 tetur,
346 2599 404 2623 nos
426 2589 608 2624 auctoritate
635 2588 715 2623 beati
743 2588 826 2624 Petri
849 2598 879 2626 et
914 2604 970 2626 no—

227 2649 289 2676 stra
316 2653 388 2677 eum
415 2642 446 2677 in
489 2655 594 2690 regem
630 2642 818 2690 recepimus,
850 2652 880 2679 et
919 2657 970 2680 re-

1651 249 1710 281 181

1016 312 1119 360 galem
1157 313 1185 348 ei
1240 314 1456 361 praecepimus
1494 313 1764 349 honorificentiam

1014 366 1168 408 exhiberi,
1193 369 1361 415 ipsumque
1382 368 1419 403 ad
1447 380 1595 404 coronam
1627 369 1764 417 imperii,

1014 421 1095 455 sicut
1123 421 1224 463 decet,
1258 434 1368 457 vocare
1401 422 1593 467 curabimus,
1625 430 1656 458 et
1693 435 1761 459 eam

1014 475 1072 522 ipsi
1088 475 1270 511 solemniter
1285 484 1314 511 et
1329 476 1500 511 honorifice
1512 477 1686 513 ministerio
1705 491 1763 514 no-

1013 536 1089 568 stro,
1105 529 1241 565 Domino
1253 530 1458 574 concedente,
1479 531 1632 566 conferre.
1649 531 1761 568 Mone-

1013 594 1085 617 mus
1098 584 1191 631 igitur
1204 585 1439 620 universitatem
1450 593 1594 626 vestram,
1607 593 1639 621 et
1651 586 1761 623 exhor·

1014 644 1116 672 tamur
1133 639 1164 673 in
1179 638 1331 684 Domino,
1345 647 1375 674 et
1392 640 1422 673 in
1443 639 1658 675 remissionem
1674 641 1761 677 vobis

1013 691 1208 739 iniungimus
1239 701 1438 741 peccatorum
1481 701 1637 741 quatenus
1667 696 1694 731 ei
1721 696 1760 731 de

1012 753 1135 781 caetero
1162 747 1243 782 sicut
1264 747 1329 794 regi
1356 755 1459 783 vestro
1480 748 1511 783 in
1540 748 1758 786 Romanorum

1011 799 1231 846 imperatorem
1255 801 1355 837 electo
1381 810 1559 838 reverenter
1580 812 1610 839 et
1645 804 1759 841 humi-

1011 854 1081 889 liter
1113 854 1270 897 deferatis,
1316 855 1452 903 regalem
1479 857 1506 892 ei
1540 857 1759 896 bonorificen-

1011 909 1085 944 tiam
1126 918 1157 946 et
1200 910 1411 946 obedientiam
1454 912 1683 959 impendentes.
1724 916 1757 951 Si

1010 966 1092 1001 enim
1121 965 1301 1001 salubribus
1323 966 1451 1001 monitis
1472 975 1503 1001 et
1533 968 1671 1004 consiliis
1699 984 1757 1006 no-

1009 1021 1092 1062 stris,
1119 1033 1201 1068 quae
1238 1020 1332 1056 corde
1373 1033 1452 1068 puro
1495 1029 1524 1056 et
1564 1025 1756 1062 conscientia

1010 1075 1092 1110 bona
1116 1083 1145 1110 et
1168 1075 1228 1110 fide
1252 1087 1313 1110 non
1341 1075 1410 1111 ficta
1453 1076 1642 1122 procedunt,
1678 1092 1756 1126 pru-

1009 1128 1119 1164 denter
1140 1142 1176 1164 ac
1202 1137 1380 1165 reverenter
1400 1130 1586 1166 curaveritis
1622 1134 1755 1180 acquie-

1009 1196 1109 1226 scere,
1136 1197 1194 1220 nos
1227 1197 1299 1219 cum
1332 1184 1456 1224 eodem,
1489 1193 1521 1220 et
1553 1199 1608 1233 pro
1641 1188 1752 1224 eodem

1010 1251 1081 1286 rege
1102 1239 1139 1274 ad
1162 1239 1314 1274 bonorem
1333 1247 1363 1274 et
1384 1239 1603 1276 exaltationem
1630 1243 1754 1291 imperii

1009 1293 1175 1328 efficaciter
1197 1293 1409 1337 intendemus,
1436 1305 1508 1328 cum
1530 1302 1561 1329 et
1583 1296 1649 1343 ipse
1664 1298 1756 1334 nobis

1008 1359 1080 1382 cum
1109 1347 1225 1394 pariter
1254 1354 1281 1382 et
1311 1359 1368 1394 pro
1400 1346 1492 1382 nobis
1530 1348 1568 1383 ad
1601 1350 1754 1388 honorem

1008 1409 1038 1436 et
1059 1401 1280 1436 exaltationem
1307 1400 1469 1436 Ecclesiae
1500 1402 1662 1440 intendere
1704 1407 1757 1443 de-

1009 1454 1090 1500 beat,
1118 1462 1150 1490 ut
1172 1467 1348 1502 speramus,
1371 1455 1410 1490 ita
1439 1455 1522 1503 quod
1565 1465 1594 1492 et
1623 1459 1756 1498 faciente

1008 1509 1061 1556 qui
1089 1517 1136 1544 est
1163 1521 1218 1543 rex
1252 1520 1362 1555 regum
1402 1517 1431 1544 et
1470 1509 1619 1547 dominus
1652 1513 1756 1551 domi-

1008 1563 1162 1609 nantium,
1184 1562 1332 1599 sacerdos
1346 1563 1376 1598 in
1400 1571 1562 1600 aeternum
1578 1570 1754 1608 secundum

1008 1617 1154 1653 ordinem
1186 1617 1431 1659 Melchisedech,
1473 1631 1604 1666 regnum
1639 1632 1671 1659 et
1704 1640 1755 1663 sa-

1009 1671 1184 1707 cerdotium
1207 1672 1321 1707 diebus
1352 1673 1466 1708 nostris
1499 1676 1618 1712 mutuis
1649 1680 1755 1717 subsi-

1008 1726 1068 1761 diis
1115 1734 1254 1773 optatum
1301 1727 1454 1775 recipient
1514 1729 1754 1773 incrementum.

1009 1779 1110 1827 Super
1132 1781 1242 1827 primis
1263 1782 1356 1816 etiam
1384 1782 1569 1820 iuramentis
1590 1787 1668 1823 illud
1697 1804 1755 1827 au-

1009 1834 1150 1869 ctoritate
1170 1835 1341 1882 apostolica
1373 1844 1560 1884 statuemus,
1599 1843 1685 1889 quod
1716 1846 1753 1881 ad

1009 1888 1205 1936 purgandam
1245 1896 1277 1925 et
1310 1890 1423 1926 famam
1464 1901 1494 1928 et
1531 1897 1754 1938 conscientiam

1009 1942 1205 1978 redundabit.
1229 1943 1286 1978 Eis
1333 1952 1436 1981 autem
1476 1947 1529 1995 qui
1567 1962 1663 1999 super
1695 1955 1756 1992 hoc

1009 1997 1151 2043 monitis,
1182 1998 1332 2040 consiliis,
1375 2008 1406 2035 et
1445 2003 1598 2040 mandatis
1641 2011 1755 2047 nostris

1010 2052 1170 2088 humiliter
1192 2053 1416 2100 acquieverint,
1438 2068 1534 2104 super
1568 2059 1754 2106 honoribus,

1009 2106 1228 2154 dignitatibus,
1247 2116 1278 2142 et
1299 2110 1552 2155 possessionibus
1574 2116 1640 2151 suis
1671 2121 1753 2166 apud

1011 2161 1207 2209 praedictum
1243 2174 1362 2209 regem,
1400 2173 1431 2199 et
1464 2178 1541 2202 suos
1574 2171 1755 2209 curabimus

1010 2216 1126 2250 utiliter
1148 2216 1321 2263 providere.
1355 2218 1448 2260 Quod
1482 2221 1506 2254 si
1542 2222 1634 2258 etiam
1670 2226 1753 2262 idem

1010 2269 1126 2304 nobilis
1152 2271 1197 2305 vir
1218 2269 1383 2318 Philippus
1411 2273 1450 2307 de
1489 2274 1581 2321 plano
1621 2280 1755 2326 acquie-

1010 2335 1097 2358 scere
1112 2323 1205 2358 vellet
1225 2332 1255 2358 et
1278 2324 1344 2360 Deo
1359 2334 1389 2360 et
1403 2326 1561 2364 Ecclesiae
1576 2331 1754 2369 satisfacere

1010 2385 1242 2424 competenter,
1285 2387 1411 2424 paterna
1448 2392 1520 2416 eum
1569 2395 1754 2423 curaremus

1010 2430 1223 2466 sollicitudine
1243 2432 1420 2474 confovere,
1456 2442 1486 2469 et
1525 2436 1562 2471 ad
1602 2438 1753 2477 honorem

1010 2493 1041 2519 et
1066 2484 1240 2532 profectum
1261 2486 1330 2521 eius
1351 2487 1513 2524 intendere
1534 2490 1709 2539 diligenter.

1060 2538 1174 2574 Datum
1201 2539 1347 2576 Laterani
1372 2541 1432 2576 kal.
1473 2545 1594 2591 martii,
1621 2549 1755 2595 pontifi-

1011 2600 1098 2628 catus
1119 2594 1215 2628 nostri
1241 2606 1323 2631 anno
1343 2604 1465 2643 quarto.

1169 2655 1229 2685 Dat.
1248 2657 1304 2693 die,
1324 2667 1457 2698 annoque
1481 2661 1592 2691 eodem.

1784 259 1831 285 Αη.
1850 260 1878 284 C.
1898 260 1960 287 ¹20¹

1789 590 1877 618 mque.
1913 599 1958 614 eum

1775 626 1794 641 ιιι
1811 622 1959 651 honorificent.

1775 654 1877 676 hortatur.
