2129 3223
143 276 191 302 Αο.
211 276 240 302 C.
256 275 321 302 0235

152 683 179 703 be
216 687 318 702 umorum

137 719 181 733 0-3.

148 1278 176 1298 De
193 1278 296 1298 vestitam.

176 1872 204 1892 De
222 1873 290 1891 fictu*

158 2167 185 2187 b<
202 2168 299 2186 totunm*

386 265 454 298 488

336 330 476 365 libertate
498 328 706 364 ecclesiastica
729 327 944 366 defendendis,
973 337 1001 362 et
1030 329 1077 361 iu-

335 380 416 414 stitia
436 378 667 426 praedictorum
689 390 742 424 per
761 377 899 412 locorum
922 377 1076 420 dominos,

333 441 388 463 seu
416 435 552 463 rectores
586 426 759 465 reddenda,
781 427 805 461 si
829 427 1013 473 expedierit,
1045 439 1077 460 se

333 477 427 512 armis
454 477 620 524 accingent
655 476 779 516 fratres,
802 476 930 510 viriliter
956 484 986 509 et
1021 488 1076 522 po-

333 535 434 561 tenter
468 534 644 574 pugnantes
658 526 696 560 ad
719 526 897 561 mandatum
917 525 1077 559 Ecclesiae

332 576 506 622 Romanae,
528 576 576 611 vel
593 576 618 611 si
641 576 700 611 loci
729 575 933 610 dioecesanus
954 588 988 609 ac
1008 587 1077 609 ma-

332 626 430 672 gister
447 637 555 661 eorum
573 625 666 660 simul
687 625 746 660 boc
768 624 899 659 viderint
919 624 1074 671 expedire.

332 676 418 711 Alias
449 683 551 711 autem
583 676 664 710 circa
702 687 790 710 usum
825 686 981 709 armorum
1016 673 1074 707 sibi

333 725 504 771 prudenter
529 725 701 769 attendant,
723 731 753 759 et
774 724 819 759 sic
836 724 882 758 eis
905 731 1029 758 utantur
1044 724 1074 757 in

332 774 443 816 licitis,
478 775 560 822 quod
600 774 639 810 ad
674 774 778 809 illicita
814 785 874 807 non
903 773 1074 813 trahantur,

331 823 424 859 Sedis
444 824 654 871 Apostolicae,
670 823 716 858 vel
737 822 914 857 dioecesani
930 822 1074 862 consilio,

331 875 356 909 si
393 873 519 921 aliquod
554 873 683 908 dubium
706 872 879 915 emerserit,
912 871 1072 918 requisito.

332 923 371 958 Et
397 923 546 970 quoniam
572 924 688 962 omnis,
723 921 776 968 qui
805 922 836 955 in
863 933 962 967 agone
997 933 1074 955 con-

331 973 442 1011 tendit,
458 972 496 1007 ab
515 972 664 1008 omnibus
679 984 713 1007 se
727 971 873 1015 abstinet,
896 971 980 1005 iuxta
1004 983 1074 1005 ver-

331 1022 405 1058 bum
428 1022 583 1069 Apostoli,
606 1022 716 1057 merito
740 1028 810 1068 post
828 1021 1001 1055 ordinatam
1021 1033 1075 1067 pu-

331 1085 422 1118 gnam
439 1071 550 1106 horum
566 1071 764 1113 athletarum,
780 1070 843 1104 sive
856 1070 988 1104 militum
1005 1069 1071 1104 lesu

330 1121 461 1162 Christi,
483 1121 521 1156 de
542 1121 681 1168 ipsorum
706 1120 892 1154 abstinentia
919 1128 949 1154 et
981 1119 1073 1153 modo

331 1171 452 1206 vivendi
482 1171 511 1205 in
541 1170 648 1205 habitu
675 1178 705 1205 et
734 1166 814 1204 victu
843 1178 1073 1216 consequenter

329 1221 509 1267 adiungitur
547 1220 577 1255 in
606 1220 690 1254 hunc
721 1219 866 1253 modum:
903 1219 1074 1253 vestiantur

331 1271 445 1305 milites
473 1282 576 1318 panno
609 1269 680 1304 albo
707 1269 737 1303 in
767 1269 870 1303 tunica
902 1276 931 1302 et
962 1280 1072 1314 super-

330 1320 471 1362 tunicali,
494 1320 524 1354 in
547 1319 689 1367 clamyde
705 1331 775 1353 vero
798 1318 897 1363 nigro,
920 1326 949 1351 ct
971 1318 1072 1365 quoad

330 1369 489 1417 clamydes
520 1381 633 1403 uxores
648 1380 770 1408 eorum,
797 1379 876 1413 quae
904 1380 938 1401 se
959 1368 1075 1413 obliga-

332 1419 432 1454 verint
465 1418 502 1454 ad
537 1418 616 1453 hanc
648 1418 751 1454 vitam.
775 1429 836 1450 non
864 1416 1007 1451 differant
1032 1418 1072 1463 Ι10

331 1468 451 1510 colore3
483 1480 500 1503 a
535 1467 613 1502 festo
645 1474 748 1501 tamen
782 1466 868 1500 Beati
914 1465 1075 1501 Michaelis

333 1530 431 1565 usque
445 1517 483 1553 ad
505 1517 703 1552 medietatem
728 1515 844 1550 mensis
861 1515 932 1549 maii
956 1515 1074 1550 valeant

333 1577 547 1615 praeterquam
570 1567 600 1601 in
623 1565 829 1614 clamydibus,
847 1564 972 1599 variare.
994 1565 1075 1600 Cae-

332 1617 388 1653 teri
424 1629 508 1656 vero.
543 1616 596 1664 qui
631 1627 691 1650 non
729 1623 820 1649 erunt
855 1614 983 1657 milites,
1011 1627 1075 1649 uno

332 1675 451 1702 tantum
474 1665 578 1702 colore
598 1666 627 1700 in
651 1665 763 1711 pannis
789 1664 855 1698 suis
878 1672 1015 1703 utantur,
1044 1672 1076 1698 nt

332 1716 433 1764 aliqua
456 1717 496 1752 sit
523 1714 681 1750 distinctio
706 1715 785 1748 inter
805 1713 934 1759 gradus,
961 1722 991 1748 et
1018 1713 1076 1747 hoc

333 1765 414 1801 idem
441 1773 566 1801 servent
587 1763 690 1812 quoad
709 1763 868 1810 clamydes
890 1775 1003 1797 uxores
1022 1775 1076 1797 eo-

334 1828 403 1850 rum
429 1815 524 1851 huius
546 1814 624 1849 vitae
645 1812 790 1849 subditae
816 1812 977 1848 institutis.
1002 1811 1077 1846 Fra-

333 1873 396 1900 tres
410 1873 513 1900 autem
537 1873 566 1898 et
590 1875 714 1898 sorores
736 1870 845 1909 quarta
868 1862 953 1901 feria„
975 1870 1004 1896 et
1026 1861 1076 1895 die

332 1914 475 1949 sabbathi
501 1914 678 1949 abstineant
703 1925 719 1947 a
748 1912 905 1952 carnibus,
929 1912 988 1946 nisi
1015 1912 1078 1945 sint

333 1963 453 1999 debiles
473 1973 504 1999 et
532 1963 659 2006 infirmi,
687 1969 739 1996 aut
761 1969 867 1996 essent
899 1962 927 1995 in
960 1960 1077 2001 Curiis,

335 2013 380 2048 vel
407 2014 556 2056 exercitu,
578 2012 624 2046 vel
646 2024 716 2046 cum
741 2010 885 2057 praelatis
913 2011 991 2054 suis,
1025 2009 1077 2044 ubi

334 2071 442 2110 quarta
465 2062 538 2097 feria
561 2060 708 2096 carnibus
729 2060 779 2094 alii
809 2068 984 2100 uterentur;
1007 2071 1079 2106 qua-

335 2113 508 2158 dragesima
545 2111 664 2150 maiori,
698 2118 728 2144 et
759 2117 845 2144 sexta
877 2109 950 2144 feria
985 2109 1080 2143 totius

335 2163 420 2197 anni.
444 2161 518 2197 ltem
541 2169 649 2207 quarta
672 2168 701 2193 et
727 2166 812 2193 sexta
834 2158 909 2193 feria
936 2159 974 2192 de
1003 2170 1080 2205 qua-

336 2211 510 2257 dragesima
537 2210 643 2244 Sancti
672 2208 807 2249 Martini,
838 2220 936 2254 usque
962 2207 999 2242 ad
1022 2207 1081 2242 do-

337 2261 482 2295 minicam
501 2260 539 2295 de
554 2259 698 2294 Adventu
715 2257 920 2292 ieiunent.Ab
935 2256 1079 2291 Adventu

336 2318 454 2354 autem,
478 2321 576 2357 usqne
598 2309 634 2343 ad
663 2308 860 2342 Nativitatem
890 2306 1016 2341 Domini
1042 2307 1082 2340 ie-

339 2360 449 2394 iunent
475 2358 615 2406 quotidie
647 2355 973 2405 quadragesimalibus
1003 2355 1082 2390 cibis

338 2409 465 2444 utendo.
490 2408 622 2456 insuper
644 2407 756 2442 ieiunia
783 2406 927 2448 Quatuor
951 2405 1084 2452 Tempo-

340 2471 408 2493 rum
445 2457 673 2497 observabunt,
708 2465 737 2492 et
773 2456 831 2491 alia
868 2455 1006 2490 instituta
1044 2454 1083 2489 ab

340 2507 479 2543 Ecclesia
501 2507 676 2543 secundum
699 2505 960 2541 consuetudinem
986 2514 1083 2539 terrae

340 2569 423 2591 suae.
447 2557 591 2592 ieiunent
616 2555 744 2603 quidem
770 2555 935 2603 praedictis
963 2563 1084 2600 tempo-

342 2605 427 2640 ribus
455 2614 483 2641 et
517 2606 642 2650 diebus,
670 2606 729 2640 nisi
757 2617 848 2639 causa
877 2603 1083 2643 necessitatis,

342 2653 389 2689 vel
412 2654 607 2695 infirmitatis,
628 2654 673 2689 vel
694 2654 731 2689 de
750 2654 876 2701 speciali
897 2653 1084 2696 dioecesani,

906 273 1003 295 mmm
1010 273 1039 294 [11
1047 273 1090 294 ΓΜ
1119 272 1277 294 ROMANUM

1879 269 1928 296 An.
1946 269 1975 296 C.
1991 269 2058 297 ¹255

1119 327 1164 362 vel
1186 326 1373 362 confessoris
1386 326 1432 362 sui
1448 326 1569 361 licentia
1593 333 1799 360 remanerent.
1814 324 1862 361 In-

1119 389 1215 423 super
1241 385 1287 412 ter
1309 376 1338 410 in
1361 388 1442 411 anno
1456 377 1492 410 ad
1515 377 1619 411 minus
1641 374 1860 416 confiteantur,
1884 388 1911 410 0.,
1931 395 1968 410 ..ω
1983 395 2057 410 naec--

1117 434 1147 460 et
1163 434 1218 470 ter,
1239 425 1379 460 videlicet
1406 426 1436 460 in
1460 425 1625 460 Nativitate
1646 424 1787 469 Domini,
1806 424 1860 460 Pa·
1875 422 1992 472 ξῗῗζζξξῖξζῗ
2014 419 2056 472 Εζζ

1117 475 1190 510 sclia
1231 485 1260 511 et
1299 475 1516 519 Pentecosten,
1548 475 1697 522 recipiant
1735 473 1860 522 Corpus
1874 479 2032 503 ⁹⁰0ui²en⁸³⁵⁹=

1117 524 1250 568 Christi,
1277 526 1335 559 nisi
1363 525 1465 559 forsan
1495 537 1531 559 ex
1557 524 1657 571 aliqua
1685 536 1776 559 causa
1803 536 1858 559 eo-

1118 586 1183 608 rum
1212 574 1368 622 aliquibus
1391 583 1472 610 esset
1498 586 1514 608 a
1541 574 1606 609 suis
1627 573 1793 609 ordinariis
1815 574 1859 608 in-

1117 624 1293 659 terdictum.
1322 624 1397 658 Item
1429 635 1484 671 pro
1515 622 1654 670 qualibet
1689 623 1762 658 bora
1795 623 1855 658 diei

1115 674 1231 720 septies
1255 675 1345 708 Pater
1361 681 1471 711 noster,
1493 681 1524 707 et
1547 684 1601 719 pro
1622 671 1761 719 qualibet
1782 673 1857 708 hora

1116 722 1269 757 Dominae
1297 732 1419 758 nostrae
1447 723 1562 768 septies
1590 724 1650 756 Ave
1673 722 1779 757 Maria
1806 722 1858 757 di-

1115 781 1194 806 cent.
1222 772 1341 807 Tamen
1374 772 1427 819 qui
1455 771 1592 807 officium
1615 770 1776 806 Ecclesiae
1807 772 1858 806 di-

1115 822 1205 865 xerit,
1227 823 1267 857 sit
1294 834 1309 856 a
1333 821 1497 867 praedictis
1518 820 1650 856 solutus.
1673 820 1749 855 Item
1774 833 1857 856 sem-

1116 884 1168 918 per
1195 879 1265 906 3010
1298 871 1403 906 0111001
1437 883 1536 905 unum
1572 871 1664 905 Pater
1695 878 1794 905 noster
1825 879 1857 905 et

1114 932 1212 955 unum
1253 929 1320 967 post
1344 920 1460 963 dicent,
1498 920 1656 966 signantes
1696 932 1729 954 se
1765 920 1856 967 signo

1113 969 1226 1005 Crucis
1252 979 1282 1005 et
1302 979 1431 1016 agentes
1451 969 1519 1004 Deo
1544 970 1658 1016 gratias
1677 968 1854 1016 utrobique.

1114 1019 1326 1054 Revereantnr
1360 1020 1488 1066 insuper
1514 1018 1703 1066 spirituales,
1725 1026 1761 1054 ac
1783 1027 2053 1067 [ειη-1161900003-

1115 1069 1237 1116 poi-ales
1264 1069 1409 1104 dominos
1441 1069 1520 1103 sicut
1541 1068 1667 1108 debent,
1695 1063 1956 1109 Ecclesiis‚⁰¹²⁹¹³³’
1982 1063 2052 1083 '⁰⁰²³‘

1869 1093 1949 1120 gulibun
1970 1094 2053 1121 princi-

1114 1130 1283 1166 earumque
1306 1118 1450 1166 praelatis
1470 1118 1509 1153 de
1532 1118 1673 1161 decimis,
1698 1118 1855 1165 primitiis,
1868 1125 1929 1176 giga·
1959 1124 2053 1146 reaten*

1113 1167 1334 1213 oblationibus,
1366 1176 1395 1202 et
1419 1176 1478 1202 tam
1507 1168 1593 1214 ipsis,
1620 1180 1713 1215 quam
1741 1168 1856 1215 princi-

1116 1217 1207 1264 pibus
1241 1219 1321 1258 suis,
1353 1230 1388 1253 ac
1414 1217 1551 1252 dominis
1578 1217 1616 1252 de
1642 1217 1708 1252 suis
1735 1217 1856 1253 iuribus

1910 631 2019 652 oratione:

1114 1267 1350 1315 respondendo,
1378 1275 1410 1303 ut
1432 1279 1512 1314 quae
1544 1266 1602 1302 Dei
1627 1275 1700 1302 sunt
1721 1266 1800 1306 Deo,
1826 1275 1857 1302 et

1114 1329 1194 1364 quae
1215 1325 1288 1352 sunt
1307 1316 1449 1352 Caesaris
1470 1315 1595 1352 Caesari
1619 1315 1748 1352 reddere
1768 1328 1856 1352 com-

1116 1367 1295 1412 probentur.
1337 1366 1375 1401 Et
1409 1366 1557 1413 quoniam
1597 1365 1691 1401 verbo
1729 1365 1855 1401 Domini

1115 1416 1191 1451 coeli
1224 1415 1334 1451 firmati
1362 1425 1449 1457 sunt,
1479 1416 1562 1450 utin
1590 1416 1627 1451 iis
1651 1423 1681 1451 et
1710 1416 1778 1450 aliis
1800 1416 1856 1451 bo-

1116 1466 1163 1500 nis
1188 1466 1297 1500 fortius
1320 1466 1511 1511 solidentur,
1538 1464 1669 1512 singulis
1696 1465 1856 1500 mensibus

1115 1514 1153 1549 ad
1176 1515 1280 1550 minus
1302 1515 1481 1562 congregati
1502 1514 1631 1550 audiant
1653 1514 1780 1550 verbum
1798 1515 1856 1550 Dei

1115 1563 1154 1598 ab
1168 1565 1329 1612 episcopo,
1347 1564 1393 1599 vel
1408 1565 1467 1599 alio
1484 1565 1619 1611 praelato
1633 1577 1702 1605 suo,
1717 1564 1855 1607 3013110,

1115 1614 1167 1660 qui
1190 1626 1206 1648 a
1227 1613 1309 1649 Sede
1328 1613 1517 1660 Aposioliea‚
1540 1614 1586 1648 vel
1613 1626 1629 1649 a
1651 1613 1709 1649 loci
1732 1614 1858 1650 dioece-

1116 1675 1191 1698 sano
1228 1664 1444 1698 auctoritatem
1485 1663 1597 1698 habeat
1635 1664 1857 1710 praedicandi,

1118 1712 1176 1747 nisi
1209 1713 1321 1760 aliquis
1353 1713 1435 1748 iusta
1457 1725 1567 1754 03053,
1601 1725 1656 1748 seu
1683 1713 1857 1749 rationabili

1119 1762 1329 1809 praepeditus,
1342 1762 1388 1798 vel
1404 1763 1442 1797 de
1456 1763 1592 1809 magistri
1608 1763 1656 1797 sui
1672 1761 1796 1798 licentia
1815 1776 1859 1798 re-

1118 1820 1267 1846 maneret.
1283 1811 1359 1847 ltem
1379 1812 1512 1858 singulis
1530 1811 1692 1847 mensibus
1714 1812 1775 1848 sibi
1796 1812 1859 1859 legi

1119 1862 1213 1896 huius
1243 1863 1324 1896 vitae
1356 1861 1490 1909 capitula
1527 1861 1639 1902 1301301
1670 1869 1701 1896 et
1734 1864 1858 1910 exponi.

1119 1911 1316 1958 Deputentur
1337 1912 1430 1946 etiam
1453 1923 1489 1945 ex
1512 1910 1659 1946 fratribus
1680 1911 1790 1958 aliqui,
1805 1912 1858 1960 qui

1119 1960 1285 2007 diligenter
1322 1969 1509 2006 procurent,
1541 1961 1624 2007 quod
1656 1961 1860 1997 exhibeantur

1121 2010 1253 2044 infirmis
1268 2009 1414 2045 fratribus
1431 2010 1637 2045 ecclesiastica
1657 2019 1860 2052 sacramenta,

1119 2066 1148 2093 et
1181 2058 1291 2094 fratres
1325 2068 1355 2094 et
1385 2072 1507 2094 sorores
1540 2061 1718 2107 congregati
1751 2060 1862 2096 faciant

1119 2108 1158 2142 ad
1185 2108 1347 2143 arbitrium
1376 2117 1405 2144 et
1431 2109 1671 2157 dispositionem
1701 2109 1860 2156 magistri,

1120 2157 1156 2191 ad
1180 2159 1328 2205 exequias
1349 2158 1582 2199 defunctorum,
1603 2168 1638 2193 ut
1659 2158 1862 2194 humanitatis

1121 2207 1258 2242 officium
1288 2208 1469 2254 impendant
1496 2208 1624 2243 ibidem.
1651 2207 1769 2243 Tamen
1803 2208 1861 2243 sibi

1121 2265 1249 2291 caveant
1288 2258 1318 2291 in
1354 2258 1393 2292 iis
1425 2257 1573 2293 omnibus
1607 2257 1790 2303 diligenter,
1825 2269 1862 2292 ne

1122 2307 1203 2340 circa
1231 2306 1346 2347 funus,
1381 2308 1426 2341 vel
1461 2307 1564 2354 aliqua
1597 2306 1770 2355 spiritualia
1802 2306 1862 2342 sibi

1122 2356 1258 2402 aliquam
1277 2356 1515 2404 dispositionem
1533 2364 1694 2404 usurpent.
1718 2356 1764 2391 vel
1779 2369 1864 2403 prae-

1123 2414 1248 2439 sumant
1283 2406 1402 2453 aliquid
1442 2407 1471 2441 in
1510 2406 1736 2452 praeiudicium
1765 2418 1863 2452 paro-

1124 2454 1232 2490 chialis
1256 2455 1424 2500 Ecclesiae,
1446 2457 1492 2491 vel
1513 2467 1690 2502 gravamen.
1715 2455 1865 2497 Quicum-

1123 2516 1184 2551 que
1217 2505 1253 2539 ad
1282 2505 1362 2540 hanc
1401 2505 1494 2540 vitam
1529 2505 1621 2540 fuerit
1656 2506 1864 2541 assumendus

1125 2553 1322 2600 profitebitur
1348 2555 1377 2589 in
1405 2555 1488 2590 hunc
1519 2554 1665 2589 modum:
1694 2554 1741 2589 Ad
1764 2555 1865 2591 hono·
1891 2564 1959 2585 Teuor
1975 2548 2060 2598 itote*-

1126 2614 1189 2637 rem
1220 2603 1276 2637 Dei
1300 2604 1533 2651 omnipotentis,
1557 2603 1658 2639 Patris
1683 2613 1712 2639 et
1738 2603 1809 2639 Filii
1835 2613 1864 2640 et
1879 2596 1945 2648 {¹:2⁸⁵
1977 2594 2059 2615 “⁰¹⁰¹‘'

1126 2651 1260 2699 Spiritus
1284 2652 1404 2695 Sancti,
1427 2662 1454 2688 et
1486 2652 1597 2688 Beatae
1622 2653 1738 2689 Mariae
1761 2653 1865 2702 Virgi-

1895 1925 1924 1946 De
1939 1926 2026 1946 infirmia
