2129 3223
35 270 75 299 An
103 269 130 298 C.
152 271 215 299 tam

831 271 1041 295 JNNOCENTtUs
1062 272 1095 295 1v
1119 273 1169 298 Pr.

1648 268 1711 301 581
1781 279 1832 306 An.
1850 280 1878 306 c.
1897 282 1961 309 iasa

281 327 295 367 g
318 327 350 358 3.
374 323 438 357 Nos
459 331 562 358 autem
583 323 693 358 litteris
716 323 793 369 ipsis
811 324 979 360 affectuose
998 328 1002 354 l
1021 326 1105 361 iuxta
1122 327 1251 362 verbum
1269 327 1370 363 Iacobi
1392 330 1662 376 apostoli,Unctio
1677 332 1765 367 exbi-
1779 339 1804 361 Εἰ
1827 342 1852 362 de
1866 341 1962 365 Eur-mn

34 374 173 426 guisern,
204 383 216 398 ι
232 373 376 419 receptis,
397 384 503 407 earum
527 373 652 412 seriem,
674 380 705 406 et
728 373 811 418 ipsos
832 374 979 409 articulos

33 411 88 456 „f”
122 411 216 433 '‘mm‘'
230 433 266 456 ac
287 421 508 469 responsiones
534 422 672 461 easdem,
692 430 721 455 et
744 431 876 465 caetera,
899 435 978 469 quae

229 470 471 506 continebantur
498 471 527 504 in
554 471 627 509 illis,
648 482 706 504 una
729 484 800 505 cum
832 472 978 507 fratribus

230 520 344 555 nostris
371 520 563 567 perlegimus
596 527 625 555 et
661 520 872 555 intelleximus
905 521 978 556 dili—

227 578 347 614 genter,
370 569 567 616 prudentiam
597 577 679 603 tuam
705 569 920 615 multipliciter
946 571 975 604 in

226 618 364 652 Domino
385 618 654 656 commendantes,
677 626 707 653 et
730 619 915 653 meditantes
940 632 976 654 ac

226 667 434 702 deliberantes
461 680 556 714 super
579 668 642 707 liis,
665 675 757 714 prout
772 668 814 702 rei
842 668 976 714 qualitas

225 717 379 763 exigebat.

274 770 289 809 g
310 769 342 800 4.
371 765 462 800 Circa
492 765 569 800 baec
592 765 695 812 itaque
717 766 762 800 sic
790 765 974 801 deliberatio

226 823 329 849 nostra
360 815 485 858 resedit,
513 823 546 848 ut
571 814 681 848 Graeci
718 814 859 849 eiusdem
889 817 971 861 regni

227 863 256 898 in
276 864 488 907 unctionibus,
507 876 587 910 quae
609 865 690 898 circa
708 864 867 911 Baptisma
884 864 972 905 fiunt,

226 925 344 948 morem
384 913 544 948 Ecclesiae
583 913 742 947 Romanae
781 921 906 947 teneant
943 922 973 948 et

224 962 400 997 observent.
438 962 532 997 Ritus
572 975 644 996 vero
683 974 736 996 seu
775 963 972 997 consuetudo

223 1023 316 1058 quam
353 1011 467 1046 babere
499 1012 648 1045 dictmtur
676 1011 811 1057 ungendi
841 1024 897 1057 per
924 1020 972 1046 to-

41 815 70 838 De
91 816 208 845 Baptistae,

28 848 129 875 modoque
159 849 210 871 titud

27 880 191 902 nomintstrundt.

223 1067 289 1095 tum
325 1060 587 1108 baptizandorum
612 1060 794 1107 corpora,si
819 1060 882 1094 tolli
903 1061 992 1095 sine·

222 1109 382 1149 scandalo,
415 1110 459 1145 vel
489 1110 641 1144 removeri
673 1121 732 1143 non
758 1117 870 1155 potest,
898 1122 968 1144 cum

221 1159 286 1193 sive
310 1159 372 1199 fiat,
400 1159 464 1193 sive
484 1172 558 1202 non,
581 1167 731 1205 quantum
755 1158 791 1192 ad
817 1158 967 1205 Baptismi

220 1206 389 1243 efficaciam
445 1208 491 1242 vel
539 1208 684 1242 ell'ectnm
729 1219 790 1241 non
835 1208 968 1243 multum

221 1257 344 1301 referat,
373 1257 532 1292 toleretur.
552 1257 616 1291 Nec
640 1256 729 1291 refert
749 1257 841 1291 etiam
863 1264 966 1292 utrum

222 1306 253 1340 in
272 1305 385 1352 frigida
410 1306 455 1340 vel
479 1306 576 1340 calida
596 1317 676 1352 aqua
706 1305 872 1352 baptizent,
895 1319 966 1340 cum

221 1366 325 1400 parem
363 1355 422 1389 vim
453 1362 484 1390 et
513 1354 658 1388 effectum
684 1355 713 1388 in
737 1363 867 1401 utraque
894 1355 969 1401 bap-

221 1404 350 1439 tismum
377 1404 504 1443 babere,
531 1415 708 1437 asseverare
736 1403 891 1437 dieantur.

268 1457 283 1496 ἕ
313 1455 344 1487 5.
375 1452 439 1487 Soli
472 1460 577 1486 autem
607 1452 746 1499 episcopi
782 1453 967 1498 consignent

34 1505 206 1549 chrismaaso:
219 1501 398 1536 Cbrismate
427 1502 456 1536 in
492 1500 646 1535 frontibus
673 1501 862 1547 baptizatos,
894 1502 967 1548 quia

22 1537 205 1592 ἕῖηῃεῑᾞῗξξῖὲῖ
220 1550 313 1586 buius
337 1551 443 1585 unctio
471 1563 532 1585 non
555 1549 659 1590 debet,
679 1550 737 1584 nisi
764 1561 818 1596 per
840 1551 967 1596 episco—

22 1599 178 1621 ‘⁰¹‘¹²'‘¹“¹'¹”³²
219 1612 276 1648 pos
299 1599 450 1635 exbiberi.
473 1600 632 1642 Quoniam
652 1598 709 1633 soli
729 1599 874 1645 apostoli,
893 1612 967 1646 quo-

217 1661 288 1684 rum
323 1650 407 1683 vices
441 1656 553 1695 gerunt
581 1648 735 1695 episcopi,
771 1660 826 1694 per
856 1660 967 1682 manus

217 1697 462 1745 impositionem,
479 1709 571 1744 quam
589 1696 796 1739 confirmatio,
819 1697 863 1730 vel
881 1697 966 1731 fron-

217 1747 257 1781 tis
274 1747 455 1781 chrismatio
474 1754 697 1792 repraesentat,
716 1745 870 1792 Spiritum
889 1746 968 1780 San-

216 1804 301 1830 ctum
327 1795 477 1830 tribuisse
505 1795 661 1840 leguntur.
687 1794 811 1841 Singuli
840 1806 966 1841 qnoque

216 1845 356 1891 episcopi
380 1845 410 1878 in
434 1844 500 1878 suis
524 1843 685 1881 Ecclesiis,
709 1843 739 1876 in
767 1843 816 1877 die
839 1843 965 1877 Coenae

216 1893 358 1938 Domini,
382 1900 526 1939 possunt,
553 1892 727 1926 secundum
753 1891 882 1926 formam
902 1892 965 1926 Ec-

217 1942 347 1982 clesiae,
384 1941 529 1976 Cbrisma
565 1940 720 1976 conficere
757 1952 794 1974 ex
829 1941 965 1975 balsamo

217 1991 346 2038 quidem
369 1998 399 2025 et
425 1991 494 2025 oleo
521 1990 685 2024 olivarum.
718 1989 795 2023 Nam
825 1989 964 2036 Spiritus

217 2040 323 2075 Sancti
340 2040 457 2074 donum
478 2040 506 2073 in
526 2039 712 2073 Clirismatis
731 2039 879 2072 unctione
894 2051 967 2073 con-

218 2089 324 2124 fertur.
360 2088 401 2123 Et
426 2088 571 2123 columba
605 2087 722 2134 utique,
751 2100 832 2134 quae
859 2088 963 2134 ipsum

217 2139 361 2185 designat
382 2137 549 2184 Spiritum,
577 2137 674 2171 olivae
700 2148 819 2171 ramum
847 2137 885 2171 ad
913 2150 966 2171 ar-

217 2199 285 2222 cam
308 2187 422 2233 legitur
444 2186 598 2220 retulisse.
627 2185 691 2219 Sed
713 2186 738 2220 si
766 2198 858 2219 suum
881 2186 964 2220 anti-

217 2248 315 2284 quum
336 2237 430 2270 ritum
454 2236 485 2269 in
505 2235 566 2270 hoc
581 2234 693 2269 Graeci
715 2236 819 2281 potius
841 2247 963 2270 servare

217 2284 383 2324 voluerint,
411 2284 564 2324 videlicet,
591 2284 674 2330 quod
705 2284 879 2330 patriarcba
903 2297 964 2319 una

216 2346 289 2369 cum
311 2333 560 2381 archiepiscopis
582 2342 612 2367 et
630 2333 786 2379 episcopis
807 2334 876 2367 eius
897 2333 964 2368 suf-

217 2383 384 2430 fraganeis,
406 2392 436 2418 et
462 2383 692 2428 archiepiscopi
720 2393 792 2415 cum
818 2381 965 2428 suffraga-

218 2433 286 2467 neis
311 2433 393 2473 suis,
428 2432 521 2466 simul
549 2430 695 2466 Chrisma
722 2431 904 2471 conficiant,
932 2432 962 2466 in

218 2480 270 2516 tali
293 2492 402 2516 eorum
426 2480 656 2515 consuetudine
679 2479 861 2514 tolerentur.
885 2479 964 2514 Nul-

218 2530 268 2565 lus
284 2538 388 2565 autem
410 2542 464 2577 per
486 2529 677 2569 sacerdotes,
701 2528 745 2562 vet
764 2528 963 2564 confessores

220 2591 276 2626 pro
301 2579 513 2614 satisfactione
536 2578 760 2626 poeniteutiae,
784 2579 889 2612 unctio
911 2578 965 2612 ali-

217 2639 278 2674 qua
300 2627 500 2663 solummodo
525 2629 705 2674 inungatur.
729 2626 864 2661 infirmis
879 2639 963 2671 vero,

1021 375 1127 411 beatur
1148 384 1296 412 extrema.
1779 370 1891 394 ⁰⁰⁰²¹⁰¹³⁶'

1067 430 1081 467 ς’
1104 430 1137 460 G.
1168 425 1265 460 Porro
1289 427 1317 460 in
1341 429 1540 474 appositione
1562 442 1674 476 aquae,
1701 432 1764 466 sive
1792 446 1962 474 nuquam„-

1019 473 1162 520 frigidae,
1185 476 1249 509 sive
1273 476 1403 520 calidae,
1432 478 1477 512 vel
1500 478 1633 524 tepidae,
1654 480 1684 514 in
1708 481 1763 515 ΑΙ-
1778 477 1858 528 §222⁰
1878 477 1961 500 ¹³⁰0¹¹²‘

1017 526 1092 559 taris
1115 524 1286 565 Sacrificio,
1309 537 1396 559 suam
1420 526 1444 560 si
1467 527 1563 561 velint
1589 537 1763 564 consuetu·
1844 525 1857 529 ⁰

1017 571 1122 608 dinem
1145 572 1256 608 Graeci
1284 582 1466 621 sequantur,
1491 576 1664 612 dummodo
1686 590 1763 613 cre-

1016 621 1090 656 dant
1124 630 1154 657 ct
1186 631 1338 663 asserant,
1367 625 1451 670 quod
1487 633 1605 661 servata
1632 629 1762 662 canonis

1017 670 1131 710 forma,
1172 672 1357 706 conficiatur
1391 674 1505 720 pariter
1538 675 1576 709 de
1617 683 1758 724 utraque.

1015 719 1076 754 Sed
1105 720 1336 756 Eucharistiam
1361 721 1390 755 in
1413 722 1463 756 die
1486 723 1612 759 Coenae
1634 725 1760 761 Domini
1783 743 1958 774 summanum

1015 778 1241 815 consecratam,
1265 783 1365 817 usque
1385 771 1422 805 ad
1444 784 1576 816 annum,
1599 783 1759 820 praetextu
1775 775 1862 796 mmm·
1916 783 1957 798 ¹¹⁰⁰

1015 818 1223 859 infirmorum,
1259 827 1292 854 ut
1326 820 1364 854 de
1400 820 1450 855 illa
1493 821 1638 857 videlicet
1675 823 1760 871 ipsos
1774 807 1959 856 :zzz-andam„-

1013 868 1247 903 communicent
1266 880 1328 903 non
1346 877 1515 905 reservent.
1533 870 1640 906 Liceat
1656 880 1758 908 tamen

1012 917 1069 957 eis,
1105 929 1160 964 pro
1198 917 1329 952 infirmis
1362 918 1452 964 ipsis,
1483 919 1609 965 Corpus
1641 921 1757 957 Christi

1011 965 1178 1007 conficere,
1201 979 1236 1001 ac
1264 979 1319 1014 per
1341 968 1521 1014 quindecim
1541 969 1619 1014 dies,
1643 979 1674 1005 et
1695 983 1757 1006 non

1012 1013 1144 1060 longiori
1174 1016 1323 1062 temporis
1344 1016 1461 1063 spatio,
1489 1029 1691 1059 conservare;
1721 1032 1759 1056 ne

1012 1075 1066 1109 per
1087 1064 1240 1099 diutinam
1274 1065 1373 1112 ipsius
1403 1068 1657 1109 reservationem,
1681 1069 1759 1105 alte-

1012 1112 1083 1147 ratis
1116 1113 1243 1148 forsitan
1266 1114 1444 1160 speciebus,
1479 1115 1628 1152 reddatur
1655 1118 1758 1153 minus

1011 1161 1114 1196 babile
1141 1162 1179 1197 ad
1199 1164 1407 1198 sumendum:
1437 1164 1509 1200 licet
1532 1166 1644 1201 veritas
1665 1175 1695 1202 et
1716 1168 1758 1202 ef-

1011 1210 1115 1245 ficacia
1142 1223 1268 1259 semper
1289 1212 1399 1247 eadem
1427 1214 1559 1249 omnino
1586 1224 1756 1255 remaneat,

1009 1271 1067 1293 nec
1095 1259 1156 1295 ulla
1181 1273 1330 1308 umquam
1354 1261 1559 1298 diuturnitate
1587 1276 1642 1298 seu
1666 1265 1759 1300 volu-

1009 1308 1127 1343 bilitate
1160 1310 1311 1357 temporis
1333 1319 1506 1346 evanescat.

1056 1361 1071 1401 ξ
1100 1361 1130 1391 7.
1154 1357 1187 1392 In
1224 1358 1432 1394 celebratione
1468 1372 1539 1394 vero
1564 1361 1756 1397 solemnium
1785 1377 1957 1400 senonen.-

1008 1413 1037 1440 et
1068 1406 1199 1441 aliarum
1236 1407 1415 1452 missarum,
1443 1416 1473 1443 et
1506 1409 1545 1443 de
1572 1409 1646 1445 bora
1674 1411 1758 1446 cele·
1772 1407 1845 1459 mnu
1876 1409 1956 1430 '⁰¹‘m‘

1007 1454 1116 1489 brandi
1139 1467 1201 1497 eas,
1225 1456 1398 1491 dummodo
1421 1457 1450 1491 in
1479 1458 1686 1504 confectione,
1711 1460 1756 1495 vel
1810 1455 1813 1458 Α

1006 1504 1255 1545 consecratione,
1284 1505 1413 1540 formam
1443 1507 1609 1542 verborum
1640 1521 1657 1543 a
1691 1508 1758 1543 Do-

1006 1554 1093 1587 mino
1115 1566 1293 1601 expressam
1316 1562 1346 1589 et
1368 1555 1512 1591 traditam
1532 1556 1710 1599 observent,
1727 1567 1757 1592 et

1006 1601 1194 1637 celebrando
1218 1615 1278 1637 non
1303 1604 1550 1650 trasgrediantur
1576 1605 1685 1640 horam
1704 1618 1758 1641 no-

1006 1663 1090 1695 nam,
1122 1664 1210 1686 suam
1227 1653 1316 1700 sequi
1338 1654 1600 1689 consuetudinem
1626 1655 1756 1702 permit-

1006 1708 1121 1734 tantur.

1053 1753 1068 1792 ἓ
1095 1751 1125 1782 8,
1164 1749 1350 1785 Sacerdotes
1385 1757 1488 1785 autem
1524 1751 1629 1786 dicant
1664 1752 1756 1788 boras
1783 1758 1903 1781 ³1i⁵⁵³¹¹011
1919 1767 1953 1782 0⁶-

1005 1798 1171 1832 canonicas
1200 1810 1286 1833 more
1320 1811 1390 1844 suo,
1418 1799 1472 1834 sed
1507 1801 1634 1836 missam
1670 1789 1952 1842 cele-iiiifflgssm.³⁰²⁰

1006 1846 1113 1890 brare,
1149 1847 1235 1894 prius
1271 1860 1364 1895 quam
1400 1848 1536 1883 officium
1574 1851 1754 1886 matutinale

1005 1897 1244 1942 compleverint,
1273 1909 1333 1931 non
1357 1906 1568 1944 praesumant.

1053 1950 1067 1987 ᾗ
1090 1947 1123 1979 9.
1153 1945 1361 1980 promovendi
1385 1959 1457 1982 vero
1478 1947 1515 1981 ad
1529 1948 1754 1990 sacerdotium,
1776 1955 1950 1980 Promovendiad

1004 2001 1033 2027 et
1050 1994 1236 2048 presbyteri,
1259 1995 1312 2041 qui
1337 1996 1536 2042 praeficiendi
1560 1997 1676 2032 fuerint
1690 1998 1754 2033 Ee·
1768 1989 1951 2040 5322‘,‘¹;},‘,⁵,¹;²{‘„⁸d‘}ss

983 2042 1169 2079 jetesiamm
1208 2044 1375 2090 regimini,
1412 2046 1632 2082 examinentur
1663 2055 1754 2082 antea

1004 2090 1180 2138 diligenter,
1205 2093 1229 2126 si
1254 2094 1422 2140 praecipue
1444 2094 1482 2129 de
1506 2095 1590 2129 boris
1616 2097 1754 2131 canoni·-

1004 2145 1065 2189 cis,
1100 2153 1130 2180 et
1152 2145 1319 2181 missarum
1342 2146 1470 2192 officiis,
1496 2149 1673 2184 secundum
1704 2149 1753 2184 di-

982 2198 1204 2238 istinctionem
1235 2208 1411 2247 temporum
1444 2203 1656 2249 exequendis,
1690 2203 1753 2237 sint

1003 2251 1196 2287 sufficienter
1217 2253 1374 2294 instructi,
1399 2261 1432 2288 ut
1453 2254 1491 2289 ad
1515 2255 1591 2290 baec
1611 2268 1673 2291 non
1692 2256 1751 2291 nisi

1003 2305 1089 2352 digni
1117 2313 1147 2340 et
1170 2306 1273 2340 idonei
1300 2307 1515 2343 admittantur.

1052 2362 1068 2401 g*
1092 2361 1147 2393 110.
1170 2358 1339 2394 Caeterum
1363 2361 1584 2408 unusquisque
1603 2363 1752 2398 sacerdos

1003 2412 1034 2447 in
1056 2424 1163 2457 aureo,
1184 2412 1232 2447 vel
1257 2421 1405 2459 argenteo
1427 2414 1542 2454 solum,
1569 2422 1623 2449 aut
1639 2415 1751 2451 saltem

1003 2473 1134 2500 stanneo
1147 2466 1242 2500 calice
1262 2465 1429 2506 sacrificet,
1449 2466 1568 2502 babens
1588 2469 1751 2516 corporale

1004 2518 1043 2554 de
1071 2519 1135 2554 lino
1162 2518 1332 2554 candidum
1360 2528 1390 2555 et
1414 2520 1560 2562 nitidum,
1592 2529 1624 2556 et
1656 2522 1752 2558 altare

1005 2572 1133 2608 mundis
1160 2573 1354 2608 vestimentis
1376 2581 1531 2620 opertum,
1558 2575 1605 2610 vel
1627 2574 1752 2612 decen-

1003 2626 1087 2661 tibus
1108 2628 1308 2673 paramentis.

1774 2369 1802 2392 Dc
1812 2376 1939 2397 paramenti>
