2129 3223
156 274 205 302 An.
225 275 250 301 C.
272 275 339 302 ¹¹99

404 266 471 300 142

929 271 1117 296 aunuum
1137 270 1300 294 Romanum

352 331 475 368 stellum
515 330 553 365 de
589 330 753 376 Almogera
797 340 869 363 cum
914 326 1095 375 portaticis,
1137 325 1217 372 Ripa
1239 324 1277 359 de
1291 324 1389 365 Stola‚
1411 324 1576 360 etNavam
1595 325 1882 373 cumpertmentiis

351 387 482 434 quintis,
503 385 620 426 aldeis,
644 393 674 419 et
700 384 768 419 aliis
790 382 988 431 pertinentiis
1017 381 1093 417 suis.
1136 379 1211 414 suis.
1234 377 1316 414 Caso
1337 391 1409 414 cum
1432 378 1627 426 pertinentiis
1647 379 1714 414 suis
1735 379 1767 415 in
1790 380 1882 416 Astu-

353 440 464 487 Balaga
486 452 558 475 cum
581 438 776 486 pertinentiis
810 436 885 472 suis.
915 436 1095 472 Almonacir
1137 444 1205 474 rus,
1237 445 1309 468 cum
1337 433 1480 473 ecclesia,
1506 440 1535 468 et
1572 433 1770 480 pertinentiis
1802 435 1878 470 suis.

351 508 421 531 cum
443 496 511 530 suis
545 493 753 542 pertinentiis.
789 490 907 538 Pengia
929 504 999 526 cum
1027 492 1095 526 suis
1137 487 1281 523 Villester
1304 488 1388 523 iuxta
1410 487 1541 531 Bamba,
1564 487 1663 534 pallos
1681 488 1711 523 in
1738 487 1819 536 Ripa
1840 490 1880 525 de

351 550 557 596 pertinentiis.
580 547 695 583 Onnon
710 560 781 582 cum
801 546 998 593 pertinentiis
1015 546 1090 581 suis.
1113 536 1116 571 l
1136 542 1244 584 Doira,
1271 551 1301 578 et
1334 542 1495 577 eeclesiam
1531 540 1665 577 Sanctae
1691 542 1808 578 Mariae
1840 545 1879 580 de

349 603 445 639 Casas
466 603 506 639 de
526 602 674 641 Collad0,
710 601 749 637 de
780 600 932 647 Verniges
963 608 992 635 et
1027 600 1091 635 Ova

347 670 418 693 cum
442 658 637 706 pertinentiis
655 656 732 691 suis.
756 655 953 690 Medietatem
976 655 1015 690 de
1029 655 1093 690 Μο-

348 713 458 748 racella
480 726 551 749 cum
578 710 775 760 pertiuentiis
806 710 883 745 suis.
920 710 1090 747 Castellum

346 767 386 802 de
404 766 583 814 Cogolludo
604 778 676 801 cum
699 764 796 800 aldeis
825 773 857 799 et
891 764 1090 811 pertinentiis

345 822 422 857 suis.
453 820 664 856 Hereditatem
688 819 727 854 de
750 818 868 854 Mollin.
892 830 962 853 cum
989 818 1090 854 domi-

346 877 404 912 bus
422 876 500 920 suis,
522 884 551 911 et
572 887 644 910 cum
666 873 754 909 aldea
777 872 816 907 de
837 872 950 913 Merla,
972 881 1002 908 et
1025 886 1089 921 per-

344 929 487 965 tinentiis
498 929 573 965 suis.
596 927 769 963 Ecclesiam
791 926 897 961 Sancti
921 926 1089 963 Salvatoris

343 984 383 1018 de
405 983 505 1019 Soria.
534 982 709 1018 Ecclesiam
743 982 876 1015 Sanctae
906 980 1020 1016 Mariae
1050 983 1087 1018 de

343 1038 472 1073 Villares
505 1036 625 1072 Pardos
651 1048 722 1071 cuni
753 1033 902 1070 omnibus
923 1035 1086 1077 domibus,

341 1092 451 1132 aldeis,
474 1091 584 1134 vineis,
606 1098 637 1125 et
654 1102 763 1126 earum
786 1089 998 1137 pertinentiis.
1023 1090 1086 1126 Ca-

341 1147 463 1182 stellum
479 1146 518 1182 de
532 1144 692 1181 Alcobella
705 1156 777 1180 cum
792 1144 858 1179 suis
873 1145 1084 1191 pertinentiis.

340 1201 492 1236 Berezosa
506 1213 578 1235 cum
597 1198 775 1242 Baldalbin‚
796 1197 949 1238 ecelesiis,
971 1206 1001 1234 et
1016 1212 1086 1247 per-

339 1255 479 1290 tinentiis
492 1254 568 1290 suis.
587 1253 758 1289 Castellum
773 1252 920 1288 Rubeum
936 1266 1007 1288 cum
1023 1267 1084 1290 om·

340 1309 432 1345 nibus
466 1308 666 1357 pertinentiis
690 1308 768 1343 suis.
800 1306 915 1342 Villam
945 1307 985 1342 de
1009 1308 1085 1344 Val—

341 1371 405 1398 vert
435 1375 508 1398 cum
545 1362 740 1409 pertinentiis
773 1361 850 1396 suis.
892 1361 1021 1409 Burgell
1053 1364 1083 1399 in

340 1417 457 1452 Navara
479 1429 552 1452 cum
579 1416 711 1452 ecclesia
733 1424 764 1451 et
797 1415 866 1450 aliis
888 1416 1084 1463 pertinentiis

338 1471 413 1506 suis.
452 1471 609 1507 Fon-mella
650 1483 721 1506 cum
763 1470 963 1518 pertiuentiis
1001 1473 1079 1508 suis.

339 1524 500 1573 Hospitale
532 1525 571 1561 de
598 1524 736 1564 Bellota,
771 1537 843 1560 cum
878 1525 1021 1570 ecelesia,
1053 1535 1083 1563 et

339 1579 536 1627 pertinentiis
557 1579 635 1614 suis.
664 1577 800 1614 Domum
823 1578 862 1614 de
887 1577 1082 1616 Formosella

337 1645 407 1668 cum
440 1632 684 1668 haereditatibus
717 1641 747 1667 et
782 1632 977 1680 pertinentiis
1006 1635 1080 1668 suis.

336 1685 534 1728 Quintanella
561 1686 600 1721 de
633 1687 758 1722 Boi-ona
788 1698 860 1722 cum
892 1687 957 1721 suis
979 1689 1082 1734 perti-

337 1740 460 1776 nentiis.
498 1740 728 1776 Haereditatem
765 1741 802 1775 de
842 1740 979 1776 Alvellos
1009 1754 1080 1777 cum

335 1793 482 1830 domibus
515 1802 547 1829 et
580 1794 646 1829 suis
677 1793 882 1841 pertinentiis.
912 1794 1009 1829 Villas
1043 1796 1082 1832 de

336 1847 460 1893 Perros,
485 1856 516 1884 et
536 1860 673 1883 canones
695 1849 725 1882 iu
749 1847 871 1896 Campo
893 1848 931 1883 de
953 1848 1082 1885 Mounio

336 1914 407 1938 cum
430 1902 495 1938 suis
517 1902 724 1950 pertinentiis.
748 1901 945 1937 Terradellos
964 1903 1080 1939 ibidem

335 1968 407 1991 cum
450 1956 515 1991 suis
556 1955 761 2003 pertinentiis.
804 1955 963 1992 Fontodra
998 1958 1080 1994 iuxta

337 2010 443 2046 Amaia
469 2023 541 2046 cum
569 2010 765 2058 pertinentiis
792 2010 868 2045 suis.
906 2010 1020 2047 Palatia
1049 2013 1080 2047 in

336 2063 415 2112 Ripa
449 2063 488 2099 de
517 2063 647 2110 Pisorga
679 2076 752 2098 cum
779 2064 844 2099 suis
874 2064 1078 2112 pertinentiis.

336 2118 534 2154 Medietatem
558 2118 597 2154 de
616 2118 756 2154 Avarcba
778 2131 850 2154 cum
877 2118 1007 2155 ecclesia
1031 2120 1081 2168 ip-

336 2174 401 2208 sius
422 2172 496 2217 loci,
530 2181 561 2208 et
595 2173 790 2220 pertinentiis
822 2174 898 2208 suis.
923 2173 1079 2210 Famuscu

336 2240 366 2262 in
388 2227 469 2262 Rivo
481 2227 521 2262 de
535 2227 676 2274 Asageva
698 2240 770 2262 cum
793 2229 988 2275 pertinentiis
1003 2231 1078 2265 suis.

335 2280 541 2316 Vallorabona
565 2281 594 2315 in
614 2282 797 2329 episcopatu
827 2281 979 2317 Palentin.
1008 2295 1078 2319 cum

337 2334 531 2383 pertinentiis
558 2334 634 2370 suis.
676 2335 822 2371 Sanctam
856 2335 983 2371 Mariam
1015 2336 1081 2372 Do-

337 2389 422 2425 mino
442 2388 527 2424 Eclia
550 2401 644 2436 super
677 2390 778 2424 rivum
806 2390 846 2425 de
873 2390 1023 2437 Pisorga,
1051 2400 1081 2426 et

337 2443 448 2479 Villam
483 2443 609 2478 Ramira
644 2443 673 2478 in
701 2443 925 2485 Alcordutella,
954 2452 984 2479 et
1006 2445 1080 2481 hae-

338 2497 483 2532 reditates
510 2497 539 2532 in
567 2497 702 2532 termino
723 2497 763 2533 de
780 2497 895 2534 Courel
918 2511 989 2533 cum
1009 2511 1081 2546 per-

339 2551 478 2586 tinentiis
506 2551 582 2586 suis.
612 2551 769 2587 Padellam
793 2565 865 2587 cum
892 2553 1024 2589 ecclesia
1046 2553 1079 2590 S.

339 2603 464 2644 Mariae,
491 2613 521 2640 et
539 2606 734 2652 pertinentiis
751 2607 827 2641 suis.
855 2606 992 2642 Ravanal
1009 2620 1080 2643 cum

339 2657 469 2693 ecclesia
505 2659 587 2694 iuxta
616 2667 749 2695 castrum
776 2657 860 2695 Vert.
891 2668 920 2696 et
954 2661 1020 2696 Val.
1050 2661 1079 2697 in

1133 596 1279 633 Zamorra
1302 610 1373 633 cum
1397 597 1592 644 pertinentiis
1617 597 1693 632 suis.
1724 597 1820 634 Pinos
1846 600 1877 635 in

1133 650 1269 692 Gallitia,
1304 658 1334 686 et
1356 650 1488 697 Congeli
1510 650 1543 685 in
1565 649 1691 686 Gallitia
1718 651 1802 688 iuxta
1829 653 1878 689 At-

1133 705 1216 744 lariz,
1244 705 1373 741 domum
1390 705 1429 740 de
1447 704 1573 744 Allariz,
1593 704 1704 740 domos
1725 705 1764 741 de
1779 706 1878 743 Tron-

1132 771 1217 805 coso,
1251 768 1281 795 et
1309 760 1439 794 minium
1474 771 1545 794 cum
1574 760 1685 801 vineis,
1720 762 1810 798 terris
1846 771 1876 799 et

1132 814 1327 861 pertinentiis
1350 814 1425 849 suis.
1462 812 1599 849 Domum
1628 814 1668 850 de
1694 814 1876 852 Benevento

1130 880 1223 916 super
1261 867 1408 915 Orvegun
1447 880 1518 904 cum
1559 869 1756 916 pertinentiis
1797 872 1874 907 suis.

1131 922 1394 959 Vannexandines
1422 923 1451 957 in
1480 931 1560 959 terra
1582 924 1621 959 de
1648 925 1781 972 Astorga
1802 938 1874 962 cum

1129 976 1275 1012 domibus
1301 985 1332 1013 et
1360 977 1556 1025 pertinentiis
1594 978 1670 1014 suis.
1699 978 1873 1016 Ecclesiam

1128 1031 1166 1067 de
1194 1031 1339 1068 Maiorica
1359 1044 1432 1068 cum
1451 1031 1598 1068 domibus
1625 1040 1655 1068 et
1679 1033 1874 1080 pertinentiis

1127 1085 1205 1120 suis.
1236 1085 1390 1134 Elpererii
1431 1086 1510 1121 inter
1536 1087 1692 1122 civitatem
1722 1086 1873 1135 Rodrogo

1128 1147 1157 1173 et
1179 1139 1363 1176 Tronehoso
1392 1153 1463 1176 cum
1499 1140 1646 1176 omnibus
1668 1142 1873 1189 possessioni-

1126 1193 1186 1228 bus
1218 1203 1247 1230 et
1275 1195 1471 1242 pertinentiis
1505 1194 1581 1230 suis.
1609 1195 1729 1231 Domos
1760 1195 1799 1232 de
1819 1196 1871 1232 Se-

1126 1248 1218 1295 gobia
1240 1261 1312 1284 cum
1336 1249 1458 1294 tendis,
1490 1249 1590 1285 vineis
1623 1258 1653 1285 et
1686 1250 1756 1286 aliis
1780 1251 1872 1298 perti-

1127 1304 1242 1339 nentiis
1263 1304 1340 1339 suis.
1364 1303 1530 1350 Erigerum
1553 1316 1623 1339 cum
1647 1304 1794 1340 omnibus
1809 1318 1872 1352 per·

1125 1358 1268 1394 tinentiis
1307 1358 1384 1393 suis.
1419 1357 1454 1392 In
1483 1358 1630 1406 Portugal
1666 1359 1696 1394 in
1730 1358 1871 1401 civitate,

1125 1425 1204 1460 quae
1221 1412 1335 1448 dicitur
1350 1411 1473 1456 Estora,
1487 1411 1568 1447 duos
1585 1412 1756 1454 Alcazarel‚
1784 1421 1871 1449 vetus

1124 1475 1155 1502 et
1177 1479 1305 1511 novum,
1327 1478 1398 1501 cum
1421 1466 1507 1501 omni
1526 1466 1714 1502 haereditate
1735 1468 1819 1515 regia
1839 1477 1870 1504 et

1124 1521 1192 1556 aliis
1214 1521 1410 1568 pertinentiis
1435 1521 1511 1555 suis.
1541 1520 1714 1557 Castellum
1736 1521 1776 1557 de
1800 1522 1869 1558 Gu-

1124 1576 1193 1611 luce
1227 1588 1298 1611 cum
1332 1575 1528 1624 pertinentiis
1567 1575 1642 1610 suis.
1677 1575 1798 1612 Domos
1829 1577 1869 1612 de

1124 1631 1240 1665 Scaren
1265 1642 1336 1665 cum
1359 1629 1549 1665 haereditate
1578 1630 1663 1676 regia
1688 1630 1727 1666 de
1747 1630 1869 1669 Ortalo-

1123 1696 1204 1731 gon,
1238 1691 1269 1719 et
1299 1684 1496 1731 pertinentiis
1530 1684 1616 1729 suis,
1643 1685 1806 1722 castellum
1829 1687 1869 1723 de

1123 1738 1320 1777 Aleanethet,
1359 1738 1521 1786 Alpedriz‚
1561 1739 1743 1781 Benamesi‚
1777 1740 1868 1776 luru-

1123 1794 1237 1838 menia,
1267 1792 1439 1838 Albofeira,
1464 1792 1610 1835 Mall'ora,
1644 1802 1675 1829 et
1708 1806 1795 1830 casas
1828 1795 1868 1831 de

1122 1846 1278 1883 Ulixbona
1301 1860 1372 1883 cum
1396 1847 1494 1883 vineis
1525 1855 1556 1883 et
1584 1848 1651 1883 aliis
1674 1849 1868 1895 pertinentiis

1121 1902 1197 1937 suis.
1221 1901 1452 1947 Cazaraboton‚
1478 1901 1632 1937 Sanctum
1653 1901 1866 1946 vincentium,

1121 1956 1276 2002 Bolvaidi,
1305 1955 1390 1991 Oriz.
1421 1956 1455 1991 In
1479 1957 1624 2004 Aragona
1645 1957 1806 1993 castellum
1828 1958 1867 1994 de

1121 2009 1250 2045 Alcaniz
1277 2022 1347 2045 cum
1386 2010 1455 2045 villa
1490 2024 1561 2052 sua,
1588 2010 1702 2056 aldeis,
1736 2019 1767 2048 et
1799 2011 1867 2047 aliis

1122 2065 1320 2112 pertinentiis
1347 2065 1423 2100 suis.
1452 2064 1650 2102 Medietatem
1683 2066 1723 2102 de
1756 2065 1865 2104 Maella

1121 2131 1193 2153 cuni
1216 2118 1348 2159 olivetis,
1378 2128 1407 2154 et
1430 2120 1625 2167 pertiuentiis
1647 2120 1723 2156 suis.
1751 2120 1866 2158 Pomer

1120 2186 1193 2210 cum
1227 2174 1426 2222 pertiuentiis
1462 2176 1538 2210 suis.
1578 2175 1703 2211 Salvam
1735 2183 1864 2218 terram,

1121 2228 1283 2264 castellum
1306 2228 1345 2263 de
1359 2228 1600 2271 Domnifronda‚
1627 2229 1778 2266 Sanctum
1799 2230 1865 2267 Sil-

1121 2291 1269 2321 vestrum,
1303 2283 1500 2319 medietatem
1523 2283 1562 2319 de
1588 2284 1746 2329 Veilozeil‚
1775 2284 1864 2322 Con-

1120 2338 1175 2380 tai,
1194 2344 1224 2371 et
1238 2336 1434 2384 Euforlopes.
1458 2337 1603 2373 Castrum
1625 2337 1693 2385 lege
1707 2337 1864 2386 Eerraira‚

1120 2390 1279 2430 Cameles,
1310 2398 1339 2426 et
1366 2390 1434 2426 Ort.
1463 2404 1534 2427 cum
1563 2392 1761 2440 pertinentiis
1786 2395 1862 2430 suis.

1120 2444 1318 2487 Quintanella
1341 2445 1380 2481 de
1401 2445 1625 2487 Redosresn0s‚
1659 2445 1691 2481 S.
1713 2445 1863 2489 Felicem,

1121 2507 1151 2534 et
1172 2498 1344 2534 Losbarros
1369 2512 1440 2534 cum
1466 2500 1662 2548 pertinentiis
1687 2501 1764 2547 suis,
1786 2510 1817 2538 et
1828 2503 1863 2540 S.

1120 2552 1283 2588 Nicolaum
1311 2552 1351 2589 de
1384 2553 1531 2595 Lamina,
1566 2561 1596 2590 et
1622 2554 1757 2603 Sequela
1791 2569 1863 2593 cum

1896 269 1945 296 An.
1965 269 1991 296 C.
2013 269 2078 298 ¹199

1122 2607 1318 2656 pertinentiis
1354 2609 1429 2645 suis.
1459 2608 1540 2645 Sane
1561 2608 1701 2644 laborum
1723 2618 1774 2645 etc.
1802 2610 1864 2646 Li-
1891 2619 1995 2655 Nonnuuas
2010 2626 2060 2656 eqn-

1121 2669 1187 2696 ceat
1210 2674 1334 2709 quoque
1364 2663 1450 2698 vobis
1471 2663 1601 2699 clericos
1628 2672 1679 2698 etc.
1708 2663 1863 2701 Prohibe·
1877 2651 2051 2678 ⁶ed¹⁸'¹'‘¹'¹¹⁸‘³'⁸

2124 2496 2129 2680 l

2117 2922 2129 3223 Ι
