2129 3223
108 284 158 310 Λῐι.
172 283 202 310 Γ.
224 284 285 309 §³25¹

121 1377 147 1397 De
169 1379 288 1401 advocatis,

107 1414 154 1428 vico
200 1409 290 1428 dominis

107 1443 148 1460 ele,

129 2412 156 2433 De
191 2412 296 2439 colloquio

115 2449 160 2463 eum
190 2443 296 2464 sororibus

116 2477 157 2494 ete,

354 271 424 304 462

305 344 368 375 net,
403 334 450 369 vel
478 333 643 380 disponat,
670 330 799 379 quando
822 331 1049 378 professionem

304 385 424 421 emittat
446 382 525 417 nihil
546 382 606 417 sibi
628 381 759 416 omnino
781 392 953 415 reservans.
978 379 1050 414 Nul-

303 435 353 470 lus
374 440 480 468 autem
498 431 535 467 ad
553 431 780 479 professionem
796 430 963 476 recipiatur
979 437 1050 463 anto

303 495 422 519 annum
446 481 642 529 probationis
676 480 857 527 impletum,
880 479 938 513 nisi
967 486 1051 513 esset

303 531 456 579 regularis
483 542 629 579 persona,
655 529 703 564 vel
731 529 789 564 nisi
814 537 968 563 transacto
996 528 1050 562 di-

303 582 401 617 midio
422 592 506 616 anno
532 580 571 615 de
596 580 700 627 aliqua
727 585 810 614 certa
838 589 969 625 persona
997 589 1050 624 pro

303 632 406 679 aliqua
429 629 568 666 evidenti
588 629 720 664 utilitate
747 627 849 663 visum
872 627 964 661 fuerit
987 627 1051 673 pri-

304 681 351 716 ori
389 689 418 715 et
453 678 591 728 capitulo
628 676 887 725 dispensandum.
936 676 1052 710 Nullus

304 739 406 766 tamen
430 729 467 765 ad
496 728 724 776 professionem
749 726 839 773 prius
866 725 1050 772 recipiatur,

303 792 399 828 quam
427 778 591 827 perlectis,
614 786 647 812 ut
673 776 791 811 dictum
819 783 878 819 est,
905 774 1051 821 capitulis

303 829 442 876 regulae,
466 829 675 873 interrogetur
708 825 884 860 secundum
907 824 1050 858 ordinem

303 878 530 927 supradictum.
554 876 587 911 Si
616 888 677 923 qua
700 883 802 909 tamen
832 881 966 921 persona
990 874 1051 907 mi-

303 941 363 965 nus
383 939 494 964 secura
525 935 554 961 et
578 926 689 960 idonea
716 924 848 970 collegio
884 923 1050 963 videretur,
1071 960 1073 963 .

302 986 332 1014 et
353 977 511 1024 completo
532 987 615 1010 anno
638 973 830 1021 probationis
852 972 951 1019 ipsius
969 972 1052 1019 prior
1071 988 1072 1009 2

302 1039 375 1062 cum
410 1025 638 1061 deliberatione
675 1022 803 1070 capituli
836 1022 918 1056 illius
942 1025 1073 1068 emen-'³

303 1077 463 1111 dationem
487 1072 736 1109 misericorditer
754 1071 859 1106 adbuc
885 1078 1051 1117 expectare

303 1125 448 1169 voluerit,
474 1133 504 1159 et
526 1124 594 1158 sine
621 1122 758 1157 laesione
777 1121 893 1155 domus
916 1121 980 1154 fieri
1002 1132 1051 1166 po-

303 1175 388 1219 terit,
403 1174 534 1210 minime
559 1171 774 1219 prohibemus.
807 1169 876 1204 Hoc
898 1170 989 1204 etiam
1012 1169 1052 1204 de

304 1236 438 1272 persona
471 1223 585 1258 idonea
624 1221 689 1256 fieri
727 1219 951 1259 concedimus,
989 1230 1052 1253 non
1072 1243 1073 1246 η

304 1283 408 1308 tamen
429 1272 467 1307 ad
495 1272 594 1319 ipsius
617 1270 819 1309 voluntatem,
843 1268 901 1302 nisi
923 1267 1053 1302 evidens
1072 1296 1073 1303 ,

305 1323 475 1358 necessitas
510 1329 540 1355 et
566 1320 684 1354 utilitas
705 1329 875 1365 exposcere
898 1317 1050 1351 videatur.

303 1372 420 1407 Nullus
455 1370 614 1405 masculus
648 1368 726 1403 infra
766 1366 1051 1402 sextumdecimum

304 1433 445 1464 annum,
478 1419 525 1454 vel
550 1418 687 1453 foemina
713 1417 791 1451 infra
814 1415 1074 1463 quartumdeci-¹

305 1483 392 1506 mum
420 1469 457 1505 ad
487 1468 703 1515 probationem
739 1466 940 1512 aliquatenus
961 1464 1074 1499 assu-3

305 1527 420 1562 matur,
454 1518 514 1552 nisi
542 1517 629 1564 prius
661 1515 839 1562 specialiter
860 1514 900 1548 de
926 1514 1074 1552 licentia]

305 1569 440 1604 duorum
463 1567 603 1614 priorum
628 1565 726 1599 nostri
749 1563 868 1599 ordinis
881 1563 972 1597 fuerit
994 1563 1054 1597 boc
1073 1592 1075 1606 ς

305 1628 504 1653 concessum.
532 1614 702 1654 Vassallos,
725 1613 772 1648 vel
795 1612 974 1653 advocatos,
1002 1619 1054 1646 aut
1074 1611 1075 1653 j

305 1666 556 1706 vice-dominos,
597 1663 643 1698 vel
666 1670 814 1710 patronos
841 1674 904 1696 non
938 1660 1075 1696 habea-³

306 1728 376 1751 mus
398 1715 467 1751 sine
493 1713 587 1749 Sedis
621 1711 837 1759 Apostolicae,
865 1722 900 1745 ac
926 1710 1054 1757 capituli

304 1764 461 1812 generalis
487 1763 606 1798 ordinis
628 1762 724 1796 nostri
757 1760 880 1795 licentia
909 1759 1054 1806 speciali,
1075 1793 1077 1802 4

305 1814 378 1861 quia
406 1813 534 1861 plurimi
562 1811 715 1846 violenter
736 1809 818 1844 bona
840 1809 1055 1844 Ecclesiarum
1076 1832 1077 1859 l

305 1863 479 1911 diripiunt,
507 1869 538 1897 et
572 1860 745 1895 moliuntur
779 1871 850 1894 cum
891 1858 1077 1905 tyrannide*

306 1924 472 1960 usurpare.
499 1911 534 1946 Si
557 1922 630 1945 vero
655 1909 748 1944 alicui
769 1908 931 1943 Ecclesiae
958 1907 1056 1941 nostri

306 2010 522 2049 vassallorum,
556 2009 658 2056 prior,
695 2016 726 2042 et
767 2006 940 2053 capitulum
963 2005 1056 2044 illins,

307 2073 402 2108 quam
426 2060 520 2094 citius
542 2057 709 2093 commode
732 2055 857 2103 poterit,
871 2067 917 2100 se,
944 2063 974 2089 et
997 2054 1058 2088 Ec·
1078 2075 1079 2096 2

1078 2098 1080 2121 ³
1100 2102 1138 2136 ab
1160 2102 1228 2148 ipso
1256 2101 1378 2149 priore},
1412 2114 1506 2149 quam
1537 2115 1553 2137 a
1576 2102 1723 2138 fratribus
1743 2110 1774 2138 et
1794 2115 1848 2138 so-

309 2168 389 2194 ront.
412 2157 521 2199 Prior,
553 2156 598 2190 vel
621 2154 787 2197 sacerdos,
824 2153 874 2188 cui
899 2153 1057 2187 licentiam
1079 2170 1080 2179 κ

308 2209 378 2255 ipse
407 2205 608 2254 praestiterit,
631 2203 737 2239 audiat
763 2202 978 2238 confessiones
1006 2214 1058 2236 so·
1079 2214 1081 2252 3

307 2109 435 2144 clesiam
460 2109 558 2155 ipsam
595 2106 634 2141 de
661 2106 738 2153 ipsis
765 2104 914 2151 expedire
942 2115 1058 2150 procu-

310 2269 415 2292 rornm
438 2255 475 2291 ad
499 2255 666 2289 fenestram
686 2253 828 2296 ferream,
850 2260 879 2286 ct
897 2263 957 2285 non
972 2250 1059 2288 alibi,

310 2307 369 2341 nisi
410 2306 440 2340 in
478 2303 651 2351 praesentia
684 2309 804 2349 septem
841 2313 985 2335 sororum
1022 2300 1059 2333 ad

311 2356 435 2394 minus,
458 2354 506 2388 vel
535 2352 593 2387 nisi
621 2363 710 2386 soror
737 2350 891 2386 confitens
918 2358 1082 2396 aegrota—¹

311 2412 367 2438 ret.
390 2403 425 2439 Si
450 2404 545 2450 prior,
568 2401 616 2436 vel
639 2400 818 2448 praedictus
840 2399 986 2433 sacerdos
1006 2410 1061 2445 pro

312 2452 450 2500 qualibet
491 2451 625 2486 utilitate
669 2450 714 2484 vel
743 2448 909 2484 occasione
935 2447 1062 2483 debebit

313 2502 434 2547 ingredi
467 2508 587 2548 portam
615 2511 772 2538 sororum,
803 2498 860 2531 nisi
889 2509 960 2532 cum
989 2496 1062 2531 viris

314 2550 458 2597 pluribus
481 2549 634 2588 introiret,
655 2549 718 2583 sint
740 2547 778 2582 ad
802 2547 908 2581 minus
930 2555 991 2581 tres
1009 2557 1062 2580 so-

313 2611 402 2634 rores
429 2599 528 2633 bonae
551 2598 727 2644 opinionis,
755 2607 835 2643 quae
862 2608 934 2630 eum
958 2596 1062 2641 ingre-

314 2647 463 2687 dientem,
486 2654 619 2681 stantem
643 2655 672 2681 et
693 2652 859 2681 exeuntem
881 2656 1006 2691 semper
1031 2650 1062 2678 et

882 276 1071 299 nttLLARtUM
1098 274 1256 297 ΠΟΜΛΝΓΜ

1095 329 1211 375 ubique
1239 328 1344 363 videre
1366 328 1499 375 possint,
1529 326 1587 362 nisi
1619 326 1714 370 forte,
1736 334 1767 361 et
1787 326 1839 362 alii

1094 378 1244 412 intrarent
1271 377 1310 412 de
1342 378 1467 413 licentia
1502 376 1614 424 prioris
1641 387 1698 423 pro
1733 375 1839 423 aliquo

1092 427 1269 462 necessario
1287 426 1405 467 labore,
1428 426 1477 461 vel
1499 438 1594 473 opere
1618 424 1773 471 faciendo,
1792 427 1839 462 vel

1094 477 1151 511 nisi
1175 476 1347 517 latronum,
1370 484 1422 511 aut
1443 475 1581 511 incendii
1605 474 1764 511 videretur
1782 489 1840 523 pe-

1093 526 1228 560 riculum
1252 526 1430 569 imminere,
1463 525 1509 559 vel
1536 524 1595 559 nisi
1622 526 1716 560 etiam
1741 527 1837 573 prior,

1093 583 1145 610 ant
1166 575 1269 609 dictus
1291 574 1437 610 sacerdos
1465 574 1592 609 intraret
1622 574 1836 622 loquutorium

1092 636 1164 659 cum
1192 625 1294 670 aliqua
1317 635 1461 671 persona,
1485 635 1566 670 quac
1589 623 1681 659 vellet
1701 625 1835 672 aliquam

1092 673 1130 708 de
1145 673 1308 709 sororibus
1329 673 1461 708 visitare.
1479 673 1526 717 Si,
1539 673 1621 720 quod
1637 673 1730 719 absit,
1744 675 1838 711 frater

1092 723 1221 770 aliquis,
1248 731 1300 757 aut
1321 734 1411 757 soror
1438 723 1485 756 in·
1505 722 1704 758 manifestum
1736 724 1837 760 forni-

1092 773 1224 807 cationis
1245 772 1355 806 vitium
1378 772 1486 819 lapsus
1504 772 1612 816 fuerit,
1626 773 1730 815 etiam,
1751 774 1836 822 quod

1092 822 1180 856 Dens
1195 829 1324 862 avertat,
1346 821 1371 855 si
1395 822 1460 867 ipse
1479 822 1563 869 prior
1585 821 1688 864 fuerit,
1710 835 1727 858 a
1741 823 1838 859 domo

1071 875 1072 888 ²
1092 871 1160 906 sine
1175 883 1230 917 spe
1251 871 1443 905 reversionis
1465 871 1693 907 sententialiter
1716 884 1733 907 a
1761 885 1839 908 con-

1094 928 1187 955 ventu
1208 920 1362 967 privetur,
1377 932 1434 955 nec
1457 920 1535 955 ultra
1547 920 1574 955 ei
1586 921 1767 967 obediatur,
1781 935 1839 958 nec

1093 969 1131 1005 ab
1147 970 1252 1017 aliquo
1266 981 1340 1004 cum
1356 981 1394 1004 eo
1406 969 1624 1017 participetur,
1639 970 1741 1006 donec
1754 983 1840 1006 man-

1093 1019 1169 1054 serit
1207 1020 1237 1053 in
1278 1018 1389 1053 eadem
1427 1019 1531 1054 domo.
1574 1019 1667 1055 Nulla
1701 1020 1839 1057 foemina

1094 1080 1287 1115 praegnans,
1315 1068 1361 1103 vel
1388 1068 1426 1102 de
1448 1076 1602 1115 conceptu
1624 1078 1772 1117 suspecta
1793 1083 1840 1105 so-

1093 1130 1200 1152 rorum
1223 1117 1357 1163 collegio
1378 1118 1525 1158 societur,
1547 1126 1578 1152 et
1599 1119 1624 1153 si
1643 1120 1760 1155 sociata
1775 1119 1840 1155 fue-

1094 1167 1144 1211 rit,
1168 1167 1363 1202 excludatur.
1390 1167 1505 1201 Nullus
1527 1167 1656 1202 fratrum
1679 1168 1727 1204 vel
1748 1181 1840 1204 soro-

1094 1228 1163 1250 rum
1186 1216 1338 1263 suscipiat
1373 1228 1536 1263 personam
1560 1216 1696 1263 aliquam
1727 1218 1765 1252 ad
1787 1217 1842 1253 do-

1094 1265 1230 1300 cendum
1254 1266 1284 1300 in
1317 1266 1422 1312 aliqua
1449 1274 1526 1309 arte,
1560 1278 1617 1301 seu
1651 1267 1683 1301 in
1709 1267 1841 1302 scientia

1095 1315 1281 1358 litterarum,
1314 1315 1372 1349 nisi
1399 1314 1446 1349 sui
1481 1327 1579 1349 sexus
1613 1316 1652 1350 sit
1685 1328 1840 1363 persona,

1073 1365 1074 1371 ¹
1094 1376 1174 1410 quae
1188 1364 1293 1399 doceri
1318 1364 1423 1405 debet,
1445 1372 1475 1398 et
1494 1365 1554 1398 nisi
1577 1364 1616 1399 sit
1638 1365 1677 1400 de
1695 1365 1840 1412 collegio,

1094 1425 1150 1448 seu
1174 1413 1284 1448 ordine
1307 1421 1424 1448 nostro.
1452 1413 1493 1447 Ut
1515 1422 1619 1449 autem
1643 1426 1690 1458 ca,
1709 1427 1788 1462 quae
1810 1416 1840 1449 in

1096 1463 1251 1509 praesenti
1275 1463 1383 1508 regula
1411 1463 1588 1510 conscripta
1615 1472 1689 1499 sunt
1714 1464 1843 1499 inteme-

1095 1519 1158 1546 rata
1182 1519 1212 1545 et
1239 1511 1420 1558 incorrupta
1451 1513 1635 1551 consistant,
1662 1514 1842 1554 statuimus,

1095 1569 1322 1615 uthpraecepta
1350 1569 1381 1595 ct
1409 1562 1642 1606 correctiones,
1677 1574 1757 1609 quae
1787 1575 1844 1609 per

1096 1612 1272 1644 visttatores
1293 1609 1414 1644 ordinis
1448 1611 1544 1645 nostri
1580 1611 1756 1646 secundum
1779 1612 1844 1646 for-

1097 1671 1178 1694 mam
1197 1659 1384 1694 visitationis
1405 1671 1421 1694 a
1445 1659 1536 1694 nobis
1559 1659 1688 1706 provide
1716 1661 1844 1696 institu-

1097 1716 1157 1742 tam
1182 1708 1261 1742 facta
1289 1708 1417 1752 suerint,
1444 1716 1506 1742 tam
1534 1721 1550 1743 a
1573 1709 1692 1755 priore,
1714 1722 1808 1756 quam
1827 1723 1844 1745 a

1097 1757 1242 1791 fratribus
1268 1766 1298 1791 et
1332 1757 1493 1792 sororibus
1515 1758 1673 1792 universis
1699 1767 1764 1794 rata
1782 1759 1846 1794 ha-

1098 1807 1244 1847 beantur,
1267 1814 1297 1840 et
1320 1806 1543 1841 inviolabiliter
1564 1807 1782 1843 observentur.
1804 1808 1846 1844 Et

1098 1855 1171 1902 quia
1193 1855 1314 1897 omnia,
1347 1868 1427 1902 quae
1460 1857 1637 1891 necessaria
1663 1865 1754 1897 sunt,
1782 1870 1846 1892 non

1076 1912 1078 1953 g
1099 1913 1231 1952 possunt
1249 1905 1280 1939 in
1304 1905 1458 1952 praesenti
1481 1905 1588 1951 regula
1604 1906 1847 1953 comprehendi,

306 1962 428 1997 ordinis
462 1960 572 2008 quavis
611 1959 777 1994 occasione
812 1958 861 1991 ius
892 1956 1079 2000 devenerit,

1077 2014 1079 2018 “
1099 2003 1272 2050 capitulum
1295 2004 1462 2038 cuiuslibet
1486 2003 1647 2039 Ecclesiae
1674 2006 1773 2040 nostri
1795 2017 1849 2040 or·-

1099 1954 1295 1993 ordinamus,
1325 1962 1358 1988 ut
1384 1967 1430 1995 ea,
1466 1967 1546 2001 quae
1569 1967 1625 2002 per
1647 1955 1782 2002 priorem
1816 1965 1848 1991 et

1100 2052 1182 2087 dinis
1209 2052 1326 2087 suerint
1352 2052 1579 2088 rationabiliter
1605 2053 1758 2095 instituta,
1786 2062 1848 2089 tam

1102 2151 1224 2186 roribus
1237 2151 1379 2186 eiusdem
1402 2151 1564 2186 Ecclesiae
1583 2152 1749 2191 universis,
1765 2151 1848 2187 salva

1101 2200 1294 2235 correctione
1321 2200 1415 2238 Sedis
1438 2201 1656 2248 Apostolicae,
1678 2201 1849 2237 observen-

1103 2257 1160 2282 tnr.
1200 2249 1265 2284 Nos
1308 2249 1412 2296 itaque
1450 2250 1672 2297 praescriptam
1708 2250 1847 2296 regulam

1102 2299 1312 2345 approbantes
1341 2299 1498 2346 prioribus
1524 2299 1617 2333 vestri
1639 2298 1761 2334 ordinis
1779 2311 1846 2346 apo-

1103 2348 1210 2382 stolica
1244 2349 1428 2383 auctoritate
1454 2348 1670 2389 concedimuS‚
1697 2356 1731 2382 ut
1753 2349 1850 2384 laicos

1104 2397 1268 2440 litteratos,
1290 2398 1343 2444 qui
1366 2397 1449 2444 apud
1472 2409 1526 2432 eos
1548 2397 1690 2432 habitum
1718 2409 1849 2445 recepe-

1103 2446 1164 2480 rint
1182 2446 1369 2492 regularem,
1392 2447 1423 2481 in
1446 2446 1576 2482 clericos
1603 2446 1724 2481 valeant
1745 2455 1851 2482 tonsu—

1104 2506 1190 2536 rare;
1220 2503 1251 2530 et
1274 2502 1336 2530 tam
1360 2496 1449 2542 ipsis,
1481 2507 1575 2542 quam
1599 2494 1745 2530 fratribus
1771 2508 1852 2543 quos

1105 2543 1236 2579 idoneos
1263 2545 1424 2589 noverint,
1464 2544 1554 2579 liceat
1581 2543 1727 2580 fidelibus
1756 2545 1852 2581 adve-

1104 2593 1267 2628 nientibus
1293 2594 1424 2629 verbum
1446 2592 1573 2628 Domini
1597 2594 1789 2640 praedicare.
1817 2594 1852 2630 Si

1104 2642 1273 2689 episcopus
1317 2654 1444 2690 quoque
1477 2642 1683 2678 dioecesanus
1724 2643 1853 2679 ordina-

1853 272 1903 296 An.
1918 270 1948 296 C.
1967 269 2033 295 125¹

1856 1423 1884 1444 De
1904 1422 2039 1444 observantia

1861 1454 2032 1475 reformationum

1857 1491 1868 1504 a
1894 1483 2040 1505 visitatoribus

1856 1515 2006 1536 faciendarum.

1876 2255 2001 2277 Confirmata
2013 2259 2048 2275 ro-
2076 2252 2082 2284 '4
2094 2276 2095 2279 Ἴ

1863 2285 1922 2311 gula,
1944 2284 2048 2306 uonnutta
2082 2284 2106 2308 2'

1864 2317 1928 2344 priori
1947 2314 2047 2336 Pountsx

1863 2347 1962 2368 concedit
1979 2346 2047 2374 prm·
2128 2372 2129 2382 ἵ

1863 2378 1920 2405 lez}
