2129 3223
166 274 212 299 Αιι.
232 273 260 298 C.
278 274 344 300 ¹255

168 680 231 702 (¹¹:1m
242 680 341 700 ardenter

161 712 279 737 martyrium
304 716 342 731 ox—

162 746 254 767 perierit.

173 1219 210 1240 sbi
229 1227 275 1241 narn
291 1226 341 1247 pas-

159 1257 193 1271 tus
209 1255 244 1271 sit.

177 2500 293 2528 Srmbolum
310 2498 343 2519 Fi-

164 2533 196 2552 dei
213 2531 232 2550 in
251 2533 343 2551 extremo

165 2561 237 2588 §piritu
266 2561 344 2582 neila—

164 2592 199 2612 vit·
214 2602 238 2610 x

408 263 477 295 564

357 326 489 364 dentior
511 326 556 358 sic
577 324 682 358 animo
703 335 761 358 suo
782 323 864 357 illarn
888 323 1122 370 impresserat,

930 269 1010 292 BCLL
1014 269 1118 292 ,ammi
1145 268 1307 291 ROMANCM

1119 322 1195 369 qui
1222 334 1328 358 comes
1355 322 1439 358 illius
1465 331 1546 367 erat,
1568 331 1599 358 et
1623 322 1663 358 ab
1690 322 1757 370 ipso
1778 322 1886 358 lictore

357 376 401 410 sic
423 387 455 408 se
482 381 582 408 totum
613 372 643 407 iu
676 373 761 408 illius
783 372 975 418 manciparat
1008 371 1101 407 obse·
1143 383 1330 418 percussus,
1365 371 1476 408 diebus
1509 372 1670 421 aliquibus
1696 372 1885 419 supervixit,

357 424 479 471 quium,
515 422 599 470 quod
632 434 777 470 quaeque
812 422 912 469 ipsius
950 421 1040 456 rerba
1072 429 1122 456 et
1120 428 1249 471 postea
1284 421 1466 456 retulerunt.
1499 421 1553 457 Sic
1584 434 1715 477 granum
1738 421 1883 456 frumenti

356 485 465 521 opera
497 473 642 507 virtutem
676 472 745 507 fidei
773 471 966 507 redolebant.
1001 465 1122 505 Cuius
1142 470 1292 505 cadens
1284 483 1316 506 in
1339 478 1474 516 terram,
1508 479 1612 518 postea
1649 471 1679 506 in
1711 470 1884 506 infidelium

356 522 568 565 dulcedinem,
594 522 700 568 lingua
721 522 790 556 eius
812 521 895 556 velut
922 512 1122 566 redundans}
1142 520 1287 555 manibus
1308 532 1529 576 compressum
1552 529 1582 556 et
1607 529 1783 560 mortuum,
1806 520 1886 555 ube—

356 572 463 613 satus

356 621 544 657 documenta
574 621 678 655 suavia
709 619 903 668 propinabat

403 671 424 719 S
451 675 482 705 4.
509 670 571 705 Pro
593 669 650 705 hac
675 671 802 717 inquam
835 677 966 703 mortem
997 667 1122 703 subire

356 733 499 768 cupiens,
524 720 584 755 hoc
607 719 820 767 principaliter
841 731 857 753 a
885 718 1032 757 Domino,
1054 727 1101 752 at-

356 771 451 805 tentis
477 779 508 806 et
533 769 652 805 crebris
677 767 961 823 supplicationibus
991 776 1101 814 postu-

355 819 435 854 lasse
459 819 618 866 probatur,
640 818 723 865 quod
747 831 807 852 non
830 818 947 852 sineret
968 829 1040 851 eum
1063 829 1099 852 ex

356 869 413 904 hac
446 870 514 904 tuce
549 869 695 915 migrare,
723 868 779 902 nisi
807 874 933 914 sumpto
968 879 1024 913 pro
1051 866 1100 901 illa

356 918 450 953 calice
474 919 636 965 passionis.
665 916 768 957 Unde,
791 917 862 964 quia
891 915 1001 950 meruit
1025 923 1101 950 tan-

356 975 405 1002 tus
426 967 539 1002 athleta
574 966 741 1014 specialem
773 966 906 1013 palmam
930 964 968 1000 de
997 977 1100 1012 pugna

356 1026 416 1052 tam
444 1024 570 1052 strenua
598 1023 773 1071 reportare
808 1028 843 1050 ac
877 1028 907 1049 ιιι
931 1015 1100 1049 coelestem

356 1067 504 1120 patriam,
531 1066 624 1101 sertis
644 1064 854 1112 praesignitus
876 1063 985 1103 roseis,
1007 1063 1101 1098 intro-

356 1128 414 1157 ire
437 1127 509 1150 cum
531 1115 569 1150 de
587 1114 710 1150 civitate
724 1113 878 1154 Cumana,
901 1113 952 1148 ubi
971 1113 1099 1148 fratrum

355 1166 403 1200 sui
446 1164 563 1200 ordinis
598 1164 639 1198 ibi
667 1163 854 1199 morantium
896 1163 982 1210 prior
1017 1171 1100 1208 erat

354 1215 568 1249 Mediolanum
596 1221 750 1260 pergeret,
777 1225 832 1260 pro
855 1212 1065 1259 exequenda
1059 1226 1099 1246 ιιι-

355 1265 524 1311 quisitione
546 1271 651 1298 contra
679 1263 851 1297 haereticos
873 1262 933 1296 sibi
955 1261 993 1296 ab
1008 1262 1100 1309 apo-

355 1313 462 1348 stolica
492 1312 573 1348 Sede
596 1313 761 1347 commissa
798 1311 899 1355 (sicut
920 1311 952 1345 in
977 1311 1100 1358 publica

355 1362 586 1410 praedicatione
599 1361 823 1409 praedixerat)
846 1360 973 1408 quidam
996 1359 1064 1395 de
1058 1373 1101 1407 ιρ-

355 1424 461 1446 sorum
496 1411 724 1446 haereticorum
759 1409 979 1449 credentibus,
1007 1422 1099 1465 prece

355 1461 478 1496 illorum
502 1460 649 1495 inductus
675 1468 706 1494 et
732 1459 854 1506 precio,
887 1459 916 1493 in
944 1471 1015 1494 eum
1042 1459 1101 1494 iter

355 1510 498 1545 salutaris
520 1509 669 1557 propositi
692 1516 936 1563 prosequentem
956 1508 1099 1543 l'unestus

356 1559 474 1594 insiliit.
502 1558 536 1593 Ιιι
564 1571 677 1605 agnum
701 1558 808 1604 utique
834 1557 940 1604 lupus,
962 1557 1074 1592 ferus
1068 1569 1098 1592 ιιι

356 1609 480 1653 mitem,
516 1608 546 1642 in
582 1608 666 1662 pium
701 1607 831 1653 impius,
858 1606 1074 1641 furibundus'
1068 1619 1120 1641 in

355 1666 552 1692 mansuetum
580 1665 610 1692 et
644 1657 674 1690 in
709 1655 886 1690 modestum
924 1655 1098 1696 effr,aenus

356 1706 529 1754 profanus
523 1719 553 1740 ιιι
571 1713 724 1749 sanctum,
748 1705 917 1752 praesumit
937 1705 1098 1750 insultum,

355 1765 477 1791 exercet
508 1763 666 1798 conatum,
699 1763 829 1789 mortem
859 1755 998 1789 intentat.
1034 1754 1121 1789 δει-Σ

356 1817 443 1840 crum
462 1813 565 1839 autem
587 1805 671 1839 illius
693 1811 786 1850 capnt
806 1803 908 1850 gladio
930 1803 1100 1838 crudeliter
1118 1798 1121 1826 ἶ

357 1855 522 1901 impetens,
556 1853 631 1888 diris
654 1854 683 1887 in
707 1853 772 1900 ipso
801 1853 962 1900 impressis
988 1853 1099 1887 vulne-
1119 1859 1121 1862 ’

357 1904 456 1948 ribus,
477 1912 506 1938 et
533 1903 642 1938 satiato
664 1903 817 1948 sangnine
841 1903 912 1936 iusti
940 1914 1026 1943 ense,
1057 1915 1098 1937 rc-

358 1953 529 1988 nerandum
558 1952 642 1986 illum
672 1964 732 1986 nou
756 1951 958 1986 divertentem
983 1951 1022 1986 ab
1041 1951 1099 1987 lio-

356 2011 421 2044 ste
448 2002 502 2037 sed
526 2001 724 2036 exhibentem
746 2013 779 2036 se
804 2002 945 2056 protinus
966 2000 1100 2036 hostiam
1120 2003 1121 2045 ζ

357 2061 387 2086 et
414 2051 549 2087 caesoris
574 2050 802 2086 substinentem
826 2063 855 2084 ιιι
877 2051 1020 2098 patientia
1040 2058 1102 2084 tiu-

357 2113 409 2137 ces
431 2101 522 2146 ictus,
543 2100 662 2135 dimisit
678 2100 800 2156 (spiritu
816 2108 942 2155 petente
956 2104 1101 2146 superna)

359 2152 390 2186 in
407 2151 476 2199 ipso
496 2150 566 2185 loco
588 2150 741 2198 passionis
762 2150 912 2184 occisum.
941 2148 1012 2196 lpso
1026 2161 1101 2203 qno-

357 2213 419 2256 que
440 2200 602 2255 sacrilego,
630 2211 833 2247 percussuras
856 2200 884 2232 in
912 2197 1027 2233 Christi
1043 2211 1101 2233 ιιιι-

358 2251 491 2286 nistrum
506 2249 648 2296 geminas
670 2249 855 2288 inculcante
884 2247 933 2282 ille
953 2260 1012 2282 non
1030 2259 1101 2295 que

358 2300 462 2335 rulosa
498 2311 573 2334 voce
607 2309 821 2341 murmurans,
858 2301 913 2332 sed
948 2297 1103 2335 sufferens

358 2350 461 2384 ornnia
485 2349 649 2396 patienter,
681 2360 774 2383 suum
795 2347 932 2382 Domino
957 2347 1101 2394 spiritum

359 2396 616 2438 commendabat,
653 2397 776 2432 dicens:
820 2396 853 2431 In
887 2408 1001 2432 manns
1023 2406 1102 2441 tuas,

360 2497 465 2532 bolnm
493 2498 584 2532 etiam
619 2496 722 2544 coepit
749 2496 852 2531 dicere
887 2495 981 2541 fidei,
1014 2496 1103 2530 cuius

361 2559 417 2582 nec
444 2547 474 2581 in
505 2546 563 2581 hoc
595 2545 727 2580 articulo
758 2545 849 2580 desiit
877 2556 945 2580 esse
973 2556 1102 2593 praeco,

497 571 625 619 copiose
640 549 830 614 δ(1ι51ιιιιιιι5,
857 582 982 617 semper
1018 569 1122 604 illius
1121 608 1122 611 ¹
1143 582 1206 604 rem
1233 570 1395 617 consurgit
1424 570 1454 604 in
1481 570 1611 617 spicam.
1638 569 1692 606 Sic
1719 569 1827 606 botrns
1854 570 1884 604 ιιι

1120 619 1295 654 torculare
1327 620 1475 658 calcatus
1511 619 1641 666 liquoris
1669 619 1823 655 redundat
1856 631 1884 653 ιιι

1901 270 1950 296 An.
1967 268 1996 295 C.
2016 268 2083 295 125³

1141 669 1275 723 copiam.
1316 669 1370 704 Sic
1397 668 1534 703 triticum
1567 669 1706 704 attritum
1737 669 1766 703 in
1803 681 1884 706 are-..i
1901 663 1905 683 '¹

1142 730 1173 752 ιιι
1195 719 1389 753 dominicum
1422 718 1581 761 horreum,
1615 730 1744 752 excussa
1780 718 1885 766 palea,

1141 767 1332 814 deportatur.
1375 767 1428 802 Sic
1462 775 1599 802 aromata
1638 767 1700 814 pilo
1733 768 1886 812 contrita,

1142 817 1269 852 odorem
1307 817 1430 864 plenius
1455 816 1726 852 circumfundunt.
1749 816 1845 860 Sic,
1839 830 1887 851 ιιι-

1141 878 1248 913 quam,
1273 879 1404 913 regnum
1426 866 1586 902 coelorum
1608 878 1624 901 a
1646 866 1790 902 violentis
1821 878 1888 914 pei-

1141 916 1267 963 cipitur.
1294 916 1348 951 Sic
1381 928 1437 963 per
1464 916 1558 951 fidem
1592 928 1608 950 a
1643 916 1759 950 sanctis
1791 927 1885 961 regua

1141 965 1285 1000 sublimia
1321 965 1542 1000 detincuntur.
1572 964 1600 999 Ο
1635 977 1729 1012 quam
1763 965 1887 1012 insigne

1142 1015 1337 1062 martyrium,
1359 1014 1443 1061 quod
1465 1014 1573 1050 titulus
1593 1023 1655 1050 tam
1679 1014 1835 1060 gloriosus
1855 1015 1888 1049 il-

1141 1055 1260 1098 lustrat!
1285 1063 1345 1098 Pro
1361 1063 1543 1098 defensione
1565 1075 1712 1110 namque,
1738 1076 1774 1098 ac
1802 1063 1888 1098 exal-

1142 1114 1257 1148 tatione
1280 1113 1449 1148 catholicae
1472 1113 1556 1157 fidei,
1578 1121 1608 1148 et
1629 1113 1800 1148 assertione
1819 1113 1886 1148 obe-

1141 1162 1280 1198 dientiae
1306 1163 1467 1198 Romanae
1493 1162 1663 1203 Ecclesiae,
1685 1162 1732 1196 vir
1758 1162 1809 1197 ille
1832 1175 1886 1198 ve-

1141 1212 1288 1247 nerabilis
1309 1212 1492 1247 acerrimam
1515 1222 1649 1248 mortem
1670 1211 1750 1246 tulit.
1772 1211 1833 1247 Hic
1854 1212 1885 1246 in

1142 1261 1280 1296 Ecclesia
1309 1270 1467 1309 tamquam
1495 1261 1592 1309 sydus
1626 1260 1753 1296 radians
1778 1270 1809 1296 et
1834 1261 1884 1295 Ιιι-

1141 1311 1224 1345 mine
1252 1311 1337 1356 fidei,
1364 1319 1393 1346 et
1414 1311 1510 1358 gratia
1534 1310 1774 1358 praedicationis
1799 1307 1886 1345 emi-

1141 1360 1214 1394 cuit.
1243 1360 1301 1395 Hic
1337 1361 1451 1395 iamin
1480 1361 1585 1404 coelo,
1617 1361 1707 1407 quasi
1731 1359 1886 1395 luminare

1141 1411 1347 1456 conspicuum
1369 1417 1399 1445 et
1419 1409 1587 1465 splendore
1608 1410 1737 1457 gloriae,
1757 1418 1788 1444 et
1802 1409 1886 1444 mul-

1142 1468 1242 1494 torum
1281 1460 1497 1494 coruscatione
1539 1459 1701 1505 signorum
1744 1458 1883 1506 effulget.

1140 1508 1220 1550 Quia
1249 1521 1310 1543 non
1347 1508 1411 1543 vult
1436 1508 1593 1543 Dominus
1627 1509 1726 1555 ipsius
1751 1507 1886 1543 abscon-

1140 1557 1214 1592 dere
1236 1558 1445 1602 sanctitatem,
1473 1569 1532 1592 nec
1552 1557 1733 1592 meritorum
1754 1569 1884 1592 suorum

1141 1606 1285 1641 virtutem
1304 1607 1498 1654 supprimere
1518 1607 1547 1641 in
1567 1606 1710 1647 occulto,
1731 1606 1786 1641 sed
1806 1607 1886 1641 inter

1119 1655 1274 1691 lucentia
1313 1665 1492 1691 sanctorum
1525 1655 1724 1696 candelabra,
1752 1656 1886 1690 manife-

1119 1706 1218 1744 ,5ιιιι5
1239 1704 1384 1750 exaltare,
1412 1713 1444 1739 ut
1479 1706 1646 1749 omnibus,
1673 1705 1726 1752 qui
1761 1706 1792 1740 in
1824 1705 1885 1740 Ec-

1140 1754 1252 1789 clesiae
1279 1754 1374 1789 domo
1410 1754 1566 1799 habitant,

1140 1803 1257 1838 lumen

1189 1853 1209 1900 g
1236 1855 1269 1887 ὃ.
1295 1852 1372 1887 'Nam
1397 1865 1455 1889 uec
1481 1853 1512 1887 ιιι
1540 1853 1601 1888 vita
1628 1852 1723 1888 latere
1749 1852 1795 1888 sic
1822 1865 1885 1902 po-

1141 1902 1211 1947 tuit,
1238 1902 1313 1950 quin
1337 1902 1561 1938 miraculorum
1589 1901 1727 1938 claritate
1753 1910 1883 1950 pateret.

1141 1951 1313 1986 Cuiusdam
1340 1953 1456 1987 etenim
1480 1952 1595 1987 nobilis
1617 1951 1728 1997 filium,
1755 1964 1829 2001 prae
1842 1953 1886 1988 ni-

1142 2002 1206 2036 mio
1228 2011 1257 2036 et
1285 2001 1426 2036 horribili
1450 2002 1543 2036 totius
1557 2001 1649 2049 gulae
1672 2010 1805 2043 tumore,
1826 2014 1885 2037 nec

1143 2051 1237 2098 loqui,
1274 2063 1331 2086 nec
1365 2051 1485 2099 spirare
1519 2051 1688 2092 valentem,
1715 2051 1822 2087 levatis
1847 2051 1884 2087 atl

1607 1754 1742 1801 proferat
1767 1754 1884 1790 clarum

1120 2115 1122 2137 i
1142 2099 1243 2134 Deum
1267 2100 1423 2142 manibus,
1440 2109 1471 2136 et
1485 2101 1587 2136 crucis
1609 2101 1639 2135 in
1655 2113 1728 2136 eum
1747 2100 1827 2136 sacto
1842 2102 1887 2135 si-

1120 2142 1122 2183 ἶ
1142 2150 1286 2195 gnaculo,
1309 2150 1424 2197 illoque
1445 2151 1620 2197 accipiente
1635 2149 1734 2198 ipsius
1753 2162 1884 2198 cappam

1142 2207 1172 2233 et
1195 2199 1318 2234 infirmo
1332 2207 1530 2247 supponente
1547 2200 1626 2240 loco,
1647 2199 1776 2234 sanavit.
1798 2199 1885 2234 Idem

1143 2260 1269 2296 quoque
1305 2249 1435 2290 nobilis,
1476 2249 1651 2284 vehementi
1687 2247 1885 2296 postmodum

1143 2299 1284 2345 corporis
1320 2298 1457 2333 torsione
1490 2307 1652 2345 gravatus,
1688 2297 1820 2333 credens
1857 2307 1887 2332 et

1122 2386 1123 2389 ¹
1144 2355 1287 2382 metuens
1313 2348 1426 2382 exinde
1447 2347 1505 2382 sibi
1529 2349 1636 2383 mortis
1662 2347 1825 2382 imminere
1842 2346 1888 2382 di-

1122 2396 1296 2444 {scrimen,
1326 2409 1457 2444 cappam
1489 2397 1604 2444 ipsam,
1631 2408 1724 2444 quarn
1753 2409 1789 2431 ex
1813 2405 1887 2432 tnnc

358 2447 508 2489 Domine,
520 2446 707 2482 commendo
720 2446 863 2494 spiritum
881 2458 995 2481 meum.
1016 2445 1103 2494 Sym·
1122 2448 1124 2470 ῗ

361 2604 452 2642 prout
479 2596 544 2643 ipse
576 2595 741 2640 nefandus,
768 2595 822 2643 qui
844 2606 860 2629 a
883 2594 1031 2629 fidelibus
1051 2606 1125 2630 ca·
1123 2601 1125 2618 ³

362 2651 432 2692 ptus
455 2643 521 2686 suit,
549 2653 577 2680 et
598 2644 756 2692 quondam
788 2643 880 2679 frater
901 2633 1125 2689 Βοιιιιιιιοιι5,Ι
1123 2658 1125 2685 ι
1145 2642 1327 2679 liberatione
1351 2651 1468 2680 secuta
1496 2642 1628 2679 cuidam
1657 2643 1749 2679 etiam
1783 2643 1886 2680 iuveni

1144 2454 1399 2487 conservaverat,
1446 2455 1622 2481 reverenter
1659 2445 1730 2480 fecit
1763 2445 1885 2481 all‘erre.

1144 2494 1211 2537 Qua
1234 2507 1293 2531 suo
1317 2495 1460 2543 apposita
1488 2496 1622 2543 pectori,
1650 2507 1721 2529 mox
1750 2508 1887 2531 vermem

1144 2545 1311 2591 quemdam
1337 2545 1401 2580 duo
1427 2544 1592 2580 habentem
1611 2545 1724 2592 capita,
1750 2553 1779 2580 et
1806 2545 1888 2592 pilo-

1146 2605 1213 2628 rum
1249 2594 1403 2630 densitate
1436 2594 1592 2635 villosum,
1619 2593 1769 2634 evomuit,
1797 2594 1886 2642 plena

1912 1860 1970 1888 Qua·
2007 1863 2082 1883 vivon-

1899 1893 1941 1912 tem
1949 1892 2016 1918 ipsum
2025 1896 2082 1913 eom-

1899 1923 2029 1949 mandarunt,
2044 1924 2082 1944 mi-

1898 1952 1970 1974 racula
1992 1959 2082 1981 pereu-

1899 1984 1925 2005 rii
1940 1983 2042 2005 Pontifex.
