<?xml version="1.0" encoding="UTF-8"?>
<!DOCTYPE html PUBLIC "-//W3C//DTD XHTML 1.0 Transitional//EN"
    "http://www.w3.org/TR/xhtml1/DTD/xhtml1-transitional.dtd">
<html xmlns="http://www.w3.org/1999/xhtml" xml:lang="en" lang="en">
 <head>
  <title>
</title>
<meta http-equiv="Content-Type" content="text/html;charset=utf-8" />
  <meta name='ocr-system' content='tesseract 3.04.00' />
  <meta name='ocr-capabilities' content='ocr_page ocr_carea ocr_par ocr_line ocrx_word'/>
</head>
<body>
  <div class='ocr_page' id='page_1' title='image "./bullarumdiplomat03cath_0046.png"; bbox 0 0 2129 3223; ppageno 0'>
   <div class='ocr_carea' id='block_1_1' title="bbox 113 276 294 302">
    <p class='ocr_par' dir='ltr' id='par_1_1' title="bbox 113 276 294 302">
     <span class='ocr_line' id='line_1_1' title="bbox 113 276 294 302; baseline 0.006 -1"><span class='ocrx_word' id='word_1_1' title='bbox 113 277 150 302; x_wconf 72' lang='lat' dir='ltr'>An</span> <span class='ocrx_word' id='word_1_2' title='bbox 180 276 208 301; x_wconf 83' lang='lat' dir='ltr'>C.</span> <span class='ocrx_word' id='word_1_3' title='bbox 228 276 294 302; x_wconf 77' lang='lat'>¹180</span> 
     </span>
    </p>
   </div>
   <div class='ocr_carea' id='block_1_2' title="bbox 127 1215 294 1235">
    <p class='ocr_par' dir='ltr' id='par_1_2' title="bbox 127 1215 294 1235">
     <span class='ocr_line' id='line_1_2' title="bbox 127 1215 294 1235; baseline 0.012 -2"><span class='ocrx_word' id='word_1_4' title='bbox 127 1216 175 1234; x_wconf 65' lang='lat' dir='ltr'>tiata</span> <span class='ocrx_word' id='word_1_5' title='bbox 204 1216 236 1235; x_wconf 74' lang='lat' dir='ltr'>dle</span> <span class='ocrx_word' id='word_1_6' title='bbox 269 1215 294 1235; x_wconf 58' lang='grc' dir='ltr'>’ἐξ</span> 
     </span>
    </p>
   </div>
   <div class='ocr_carea' id='block_1_3' title="bbox 113 1246 190 1271">
    <p class='ocr_par' dir='ltr' id='par_1_3' title="bbox 113 1246 190 1271">
     <span class='ocr_line' id='line_1_3' title="bbox 113 1246 190 1271; baseline 0 -6"><span class='ocrx_word' id='word_1_7' title='bbox 113 1250 156 1271; x_wconf 63' lang='lat' dir='ltr'>rvpl</span> <span class='ocrx_word' id='word_1_8' title='bbox 184 1246 190 1265; x_wconf 86' lang='lat' dir='ltr'>l</span> 
     </span>
    </p>
   </div>
   <div class='ocr_carea' id='block_1_4' title="bbox 113 1848 295 1900">
    <p class='ocr_par' dir='ltr' id='par_1_4' title="bbox 113 1848 295 1900">
     <span class='ocr_line' id='line_1_4' title="bbox 126 1848 293 1875; baseline 0.006 -8"><span class='ocrx_word' id='word_1_9' title='bbox 126 1848 201 1869; x_wconf 55' lang='lat' dir='ltr'>titani</span> <span class='ocrx_word' id='word_1_10' title='bbox 227 1848 293 1875; x_wconf 56' lang='lat' dir='ltr'>Pup.v</span> 
     </span>
     <span class='ocr_line' id='line_1_5' title="bbox 113 1881 295 1900; baseline 0.011 -2"><span class='ocrx_word' id='word_1_11' title='bbox 113 1884 243 1899; x_wconf 67' lang='grc' dir='ltr'>ιυιιιιτηνιιιυ</span> <span class='ocrx_word' id='word_1_12' title='bbox 257 1881 295 1900; x_wconf 76' lang='lat' dir='ltr'>du-</span> 
     </span>
    </p>
   </div>
   <div class='ocr_carea' id='block_1_5' title="bbox 271 1910 295 1929">
    <p class='ocr_par' dir='ltr' id='par_1_5' title="bbox 271 1910 295 1929">
     <span class='ocr_line' id='line_1_6' title="bbox 271 1910 295 1929; baseline 0 0"><span class='ocrx_word' id='word_1_13' title='bbox 271 1910 295 1929; x_wconf 71' lang='lat' dir='ltr'>nh</span> 
     </span>
    </p>
   </div>
   <div class='ocr_carea' id='block_1_6' title="bbox 197 1245 232 1265">
    <p class='ocr_par' dir='ltr' id='par_1_6' title="bbox 197 1245 232 1265">
     <span class='ocr_line' id='line_1_7' title="bbox 197 1245 232 1265; baseline -0.057 0"><span class='ocrx_word' id='word_1_14' title='bbox 197 1246 204 1265; x_wconf 83' lang='grc'><strong>1</strong></span> <span class='ocrx_word' id='word_1_15' title='bbox 210 1245 232 1265; x_wconf 59' lang='lat' dir='ltr'>tsi</span> 
     </span>
    </p>
   </div>
   <div class='ocr_carea' id='block_1_7' title="bbox 113 1914 220 1930">
    <p class='ocr_par' dir='ltr' id='par_1_7' title="bbox 113 1914 220 1930">
     <span class='ocr_line' id='line_1_8' title="bbox 113 1914 220 1930; baseline 0 -1"><span class='ocrx_word' id='word_1_16' title='bbox 113 1914 220 1930; x_wconf 71' lang='lat' dir='ltr'>[mttonum</span> 
     </span>
    </p>
   </div>
   <div class='ocr_carea' id='block_1_8' title="bbox 113 1943 190 1991">
    <p class='ocr_par' dir='ltr' id='par_1_8' title="bbox 113 1943 190 1991">
     <span class='ocr_line' id='line_1_9' title="bbox 114 1943 190 1960; baseline 0 0"><span class='ocrx_word' id='word_1_17' title='bbox 114 1943 190 1960; x_wconf 64' lang='lat' dir='ltr'>Attenia</span> 
     </span>
     <span class='ocr_line' id='line_1_10' title="bbox 113 1977 189 1991; baseline -0.013 0"><span class='ocrx_word' id='word_1_18' title='bbox 113 1977 189 1991; x_wconf 52' lang='lat' dir='ltr'>„tanen</span> 
     </span>
    </p>
   </div>
   <div class='ocr_carea' id='block_1_9' title="bbox 193 1948 215 1960">
    <p class='ocr_par' dir='ltr' id='par_1_9' title="bbox 193 1948 215 1960">
     <span class='ocr_line' id='line_1_11' title="bbox 193 1948 215 1960; baseline 0 0"><span class='ocrx_word' id='word_1_19' title='bbox 193 1948 215 1960; x_wconf 79' lang='lat' dir='ltr'>ru</span> 
     </span>
    </p>
   </div>
   <div class='ocr_carea' id='block_1_10' title="bbox 242 1941 295 1961">
    <p class='ocr_par' dir='ltr' id='par_1_10' title="bbox 242 1941 295 1961">
     <span class='ocr_line' id='line_1_12' title="bbox 242 1941 295 1961; baseline 0.019 -1"><span class='ocrx_word' id='word_1_20' title='bbox 242 1941 295 1961; x_wconf 59' lang='lat' dir='ltr'>San&gt;</span> 
     </span>
    </p>
   </div>
   <div class='ocr_carea' id='block_1_11' title="bbox 249 1978 291 1997">
    <p class='ocr_par' dir='ltr' id='par_1_11' title="bbox 249 1978 291 1997">
     <span class='ocr_line' id='line_1_13' title="bbox 249 1978 291 1997; baseline 0 -6"><span class='ocrx_word' id='word_1_21' title='bbox 249 1978 291 1997; x_wconf 38' lang='lat' dir='ltr'>eptr</span> 
     </span>
    </p>
   </div>
   <div class='ocr_carea' id='block_1_12' title="bbox 127 2003 294 2053">
    <p class='ocr_par' dir='ltr' id='par_1_12' title="bbox 127 2003 294 2053">
     <span class='ocr_line' id='line_1_14' title="bbox 166 2003 283 2022; baseline 0 0"><span class='ocrx_word' id='word_1_22' title='bbox 166 2011 177 2022; x_wconf 70' lang='grc' dir='ltr'>υ</span> <span class='ocrx_word' id='word_1_23' title='bbox 211 2003 283 2022; x_wconf 57' lang='lat' dir='ltr'>fimum</span> 
     </span>
     <span class='ocr_line' id='line_1_15' title="bbox 127 2033 294 2053; baseline 0.006 -1"><span class='ocrx_word' id='word_1_24' title='bbox 127 2041 150 2052; x_wconf 54' lang='lat' dir='ltr'>eti</span> <span class='ocrx_word' id='word_1_25' title='bbox 186 2033 294 2053; x_wconf 29' lang='lat' dir='ltr'>furtatum*</span> 
     </span>
    </p>
   </div>
   <div class='ocr_carea' id='block_1_13' title="bbox 256 1453 1075 1502">
    <p class='ocr_par' dir='ltr' id='par_1_13' title="bbox 256 1453 1075 1502">
     <span class='ocr_line' id='line_1_16' title="bbox 256 1453 1075 1502; baseline 0.006 -16"><span class='ocrx_word' id='word_1_26' title='bbox 256 1467 266 1479; x_wconf 75' lang='lat' dir='ltr'>n</span> <span class='ocrx_word' id='word_1_27' title='bbox 285 1472 295 1474; x_wconf 97' lang='lat'><em>-</em></span> <span class='ocrx_word' id='word_1_28' title='bbox 309 1453 421 1488; x_wconf 78' lang='lat' dir='ltr'>Testes</span> <span class='ocrx_word' id='word_1_29' title='bbox 441 1462 515 1489; x_wconf 88' lang='lat' dir='ltr'>sunt</span> <span class='ocrx_word' id='word_1_30' title='bbox 536 1456 762 1502; x_wconf 75' lang='lat' dir='ltr'>praenominati</span> <span class='ocrx_word' id='word_1_31' title='bbox 798 1456 866 1495; x_wconf 83' lang='lat' dir='ltr'>viri,</span> <span class='ocrx_word' id='word_1_32' title='bbox 889 1456 1075 1499; x_wconf 29' lang='lat' dir='ltr'>Arnaudus,</span> 
     </span>
    </p>
   </div>
   <div class='ocr_carea' id='block_1_14' title="bbox 358 268 404 299">
    <p class='ocr_par' dir='ltr' id='par_1_14' title="bbox 358 268 404 299">
     <span class='ocr_line' id='line_1_17' title="bbox 358 268 404 299; baseline -0.043 0"><span class='ocrx_word' id='word_1_33' title='bbox 358 268 404 299; x_wconf 71' lang='lat'>40</span> 
     </span>
    </p>
   </div>
   <div class='ocr_carea' id='block_1_15' title="bbox 308 331 1061 1453">
    <p class='ocr_par' dir='ltr' id='par_1_15' title="bbox 308 331 1061 1453">
     <span class='ocr_line' id='line_1_18' title="bbox 309 331 1057 380; baseline 0.004 -15"><span class='ocrx_word' id='word_1_34' title='bbox 309 331 430 367; x_wconf 80' lang='lat' dir='ltr'>Diebus</span> <span class='ocrx_word' id='word_1_35' title='bbox 457 332 542 366; x_wconf 74' lang='lat' dir='ltr'>sestis</span> <span class='ocrx_word' id='word_1_36' title='bbox 578 333 606 365; x_wconf 86' lang='lat' dir='ltr'>in</span> <span class='ocrx_word' id='word_1_37' title='bbox 643 332 758 380; x_wconf 79' lang='lat' dir='ltr'>quihus</span> <span class='ocrx_word' id='word_1_38' title='bbox 786 342 829 367; x_wconf 76' lang='lat' dir='ltr'>cst</span> <span class='ocrx_word' id='word_1_39' title='bbox 862 334 1057 368; x_wconf 72' lang='lat' dir='ltr'>consuetudo</span> 
     </span>
     <span class='ocr_line' id='line_1_19' title="bbox 308 381 1058 429; baseline 0.004 -15"><span class='ocrx_word' id='word_1_40' title='bbox 308 381 424 427; x_wconf 87' lang='lat' dir='ltr'>aliquid</span> <span class='ocrx_word' id='word_1_41' title='bbox 448 381 523 415; x_wconf 78' lang='lat' dir='ltr'>«lare</span> <span class='ocrx_word' id='word_1_42' title='bbox 544 381 679 420; x_wconf 74' lang='lat' dir='ltr'>clericis,</span> <span class='ocrx_word' id='word_1_43' title='bbox 702 382 741 416; x_wconf 82' lang='lat' dir='ltr'>rie</span> <span class='ocrx_word' id='word_1_44' title='bbox 767 393 783 416; x_wconf 89' lang='lat' dir='ltr'>a</span> <span class='ocrx_word' id='word_1_45' title='bbox 815 382 977 429; x_wconf 81' lang='lat' dir='ltr'>capellano</span> <span class='ocrx_word' id='word_1_46' title='bbox 1006 394 1058 417; x_wconf 92' lang='lat' dir='ltr'>so-</span> 
     </span>
     <span class='ocr_line' id='line_1_20' title="bbox 309 429 1057 466; baseline 0.004 -3"><span class='ocrx_word' id='word_1_47' title='bbox 309 429 471 464; x_wconf 88' lang='lat' dir='ltr'>lummodo</span> <span class='ocrx_word' id='word_1_48' title='bbox 494 429 561 463; x_wconf 81' lang='lat' dir='ltr'>sine</span> <span class='ocrx_word' id='word_1_49' title='bbox 584 430 742 465; x_wconf 83' lang='lat' dir='ltr'>voluntate</span> <span class='ocrx_word' id='word_1_50' title='bbox 764 439 794 465; x_wconf 86' lang='lat' dir='ltr'>et</span> <span class='ocrx_word' id='word_1_51' title='bbox 820 442 949 466; x_wconf 85' lang='lat' dir='ltr'>assensu</span> <span class='ocrx_word' id='word_1_52' title='bbox 987 444 1057 466; x_wconf 86' lang='lat' dir='ltr'>rno-</span> 
     </span>
     <span class='ocr_line' id='line_1_21' title="bbox 309 478 1058 527; baseline 0.004 -16"><span class='ocrx_word' id='word_1_53' title='bbox 309 478 480 512; x_wconf 87' lang='lat' dir='ltr'>nachorum</span> <span class='ocrx_word' id='word_1_54' title='bbox 504 480 550 513; x_wconf 88' lang='lat' dir='ltr'>eis</span> <span class='ocrx_word' id='word_1_55' title='bbox 576 479 693 525; x_wconf 86' lang='lat' dir='ltr'>aliquid</span> <span class='ocrx_word' id='word_1_56' title='bbox 721 479 823 518; x_wconf 82' lang='lat' dir='ltr'>detur,</span> <span class='ocrx_word' id='word_1_57' title='bbox 841 480 1058 527; x_wconf 77' lang='lat' dir='ltr'>prohibemus3</span> 
     </span>
     <span class='ocr_line' id='line_1_22' title="bbox 308 527 1056 564; baseline 0.003 -4"><span class='ocrx_word' id='word_1_58' title='bbox 308 527 333 560; x_wconf 90' lang='lat' dir='ltr'>si</span> <span class='ocrx_word' id='word_1_59' title='bbox 357 527 501 561; x_wconf 86' lang='lat' dir='ltr'>monachi</span> <span class='ocrx_word' id='word_1_60' title='bbox 521 528 692 563; x_wconf 88' lang='lat' dir='ltr'>matutinas</span> <span class='ocrx_word' id='word_1_61' title='bbox 709 537 739 564; x_wconf 89' lang='lat' dir='ltr'>et</span> <span class='ocrx_word' id='word_1_62' title='bbox 762 529 837 564; x_wconf 83' lang='lat' dir='ltr'>alias</span> <span class='ocrx_word' id='word_1_63' title='bbox 864 530 956 564; x_wconf 89' lang='lat' dir='ltr'>horas</span> <span class='ocrx_word' id='word_1_64' title='bbox 997 530 1056 563; x_wconf 78' lang='lat' dir='ltr'>‹liei</span> 
     </span>
     <span class='ocr_line' id='line_1_23' title="bbox 308 576 1057 622; baseline 0.005 -14"><span class='ocrx_word' id='word_1_65' title='bbox 308 587 421 610; x_wconf 80' lang='lat' dir='ltr'>sonare</span> <span class='ocrx_word' id='word_1_66' title='bbox 443 576 609 619; x_wconf 85' lang='lat' dir='ltr'>voluerint,</span> <span class='ocrx_word' id='word_1_67' title='bbox 631 577 710 612; x_wconf 88' lang='lat' dir='ltr'>sicut</span> <span class='ocrx_word' id='word_1_68' title='bbox 740 590 809 612; x_wconf 90' lang='lat' dir='ltr'>mos</span> <span class='ocrx_word' id='word_1_69' title='bbox 839 587 884 612; x_wconf 90' lang='lat' dir='ltr'>est</span> <span class='ocrx_word' id='word_1_70' title='bbox 920 578 1057 622; x_wconf 87' lang='lat' dir='ltr'>illorum,</span> 
     </span>
     <span class='ocr_line' id='line_1_24' title="bbox 308 624 1058 673; baseline 0.005 -16"><span class='ocrx_word' id='word_1_71' title='bbox 308 624 476 663; x_wconf 82' lang='lat' dir='ltr'>sonabunt,</span> <span class='ocrx_word' id='word_1_72' title='bbox 498 625 679 670; x_wconf 89' lang='lat' dir='ltr'>cantabunt,</span> <span class='ocrx_word' id='word_1_73' title='bbox 698 626 816 673; x_wconf 84' lang='lat' dir='ltr'>absque</span> <span class='ocrx_word' id='word_1_74' title='bbox 831 627 1058 672; x_wconf 84' lang='lat' dir='ltr'>impedimento</span> 
     </span>
     <span class='ocr_line' id='line_1_25' title="bbox 308 673 1058 723; baseline 0.005 -17"><span class='ocrx_word' id='word_1_75' title='bbox 308 673 503 708; x_wconf 87' lang='lat' dir='ltr'>clericorum.</span> <span class='ocrx_word' id='word_1_76' title='bbox 532 674 712 709; x_wconf 86' lang='lat' dir='ltr'>Cantabunt</span> <span class='ocrx_word' id='word_1_77' title='bbox 743 684 773 710; x_wconf 91' lang='lat' dir='ltr'>et</span> <span class='ocrx_word' id='word_1_78' title='bbox 803 675 905 710; x_wconf 89' lang='lat' dir='ltr'>cleriei</span> <span class='ocrx_word' id='word_1_79' title='bbox 940 675 1058 723; x_wconf 78' lang='lat' dir='ltr'>absque</span> 
     </span>
     <span class='ocr_line' id='line_1_26' title="bbox 309 722 1059 769; baseline 0.005 -14"><span class='ocrx_word' id='word_1_80' title='bbox 309 722 533 767; x_wconf 83' lang='lat' dir='ltr'>impedimento</span> <span class='ocrx_word' id='word_1_81' title='bbox 579 724 817 759; x_wconf 89' lang='lat' dir='ltr'>monachorum.</span> <span class='ocrx_word' id='word_1_82' title='bbox 868 724 1059 769; x_wconf 81' lang='lat' dir='ltr'>Capellanus</span> 
     </span>
     <span class='ocr_line' id='line_1_27' title="bbox 308 770 1059 820; baseline 0.004 -16"><span class='ocrx_word' id='word_1_83' title='bbox 308 770 549 818; x_wconf 80' lang='lat' dir='ltr'>subcapellanos</span> <span class='ocrx_word' id='word_1_84' title='bbox 563 784 638 807; x_wconf 89' lang='lat' dir='ltr'>suos</span> <span class='ocrx_word' id='word_1_85' title='bbox 660 773 792 807; x_wconf 92' lang='lat' dir='ltr'>consilio</span> <span class='ocrx_word' id='word_1_86' title='bbox 809 773 921 820; x_wconf 85' lang='lat' dir='ltr'>prioris</span> <span class='ocrx_word' id='word_1_87' title='bbox 934 774 1059 809; x_wconf 75' lang='lat' dir='ltr'>Aiensis</span> 
     </span>
     <span class='ocr_line' id='line_1_28' title="bbox 309 819 1057 868; baseline 0.005 -15"><span class='ocrx_word' id='word_1_88' title='bbox 309 820 339 853; x_wconf 93' lang='lat' dir='ltr'>in</span> <span class='ocrx_word' id='word_1_89' title='bbox 363 819 503 855; x_wconf 75' lang='lat' dir='ltr'>Ecclesia</span> <span class='ocrx_word' id='word_1_90' title='bbox 526 821 715 856; x_wconf 86' lang='lat' dir='ltr'>introducat.</span> <span class='ocrx_word' id='word_1_91' title='bbox 754 822 847 863; x_wconf 87' lang='lat' dir='ltr'>Quod</span> <span class='ocrx_word' id='word_1_92' title='bbox 879 822 903 856; x_wconf 91' lang='lat' dir='ltr'>si</span> <span class='ocrx_word' id='word_1_93' title='bbox 939 822 1057 868; x_wconf 90' lang='lat' dir='ltr'>aliquid</span> 
     </span>
     <span class='ocr_line' id='line_1_29' title="bbox 309 869 1060 916; baseline 0.005 -14"><span class='ocrx_word' id='word_1_94' title='bbox 309 869 536 910; x_wconf 87' lang='lat' dir='ltr'>commiserint,</span> <span class='ocrx_word' id='word_1_95' title='bbox 553 869 636 904; x_wconf 89' lang='lat' dir='ltr'>unde</span> <span class='ocrx_word' id='word_1_96' title='bbox 649 871 800 905; x_wconf 87' lang='lat' dir='ltr'>removeri</span> <span class='ocrx_word' id='word_1_97' title='bbox 817 870 963 914; x_wconf 90' lang='lat' dir='ltr'>debeant,</span> <span class='ocrx_word' id='word_1_98' title='bbox 980 872 1060 916; x_wconf 86' lang='lat' dir='ltr'>prio—</span> 
     </span>
     <span class='ocr_line' id='line_1_30' title="bbox 309 917 1058 959; baseline 0.004 -8"><span class='ocrx_word' id='word_1_99' title='bbox 309 917 352 951; x_wconf 89' lang='lat' dir='ltr'>ris</span> <span class='ocrx_word' id='word_1_100' title='bbox 373 918 504 952; x_wconf 89' lang='lat' dir='ltr'>consilio</span> <span class='ocrx_word' id='word_1_101' title='bbox 526 926 757 959; x_wconf 72' lang='lat' dir='ltr'>removeantur,</span> <span class='ocrx_word' id='word_1_102' title='bbox 785 929 814 954; x_wconf 89' lang='lat' dir='ltr'>et</span> <span class='ocrx_word' id='word_1_103' title='bbox 835 919 886 954; x_wconf 90' lang='lat' dir='ltr'>alii</span> <span class='ocrx_word' id='word_1_104' title='bbox 926 920 955 954; x_wconf 91' lang='lat' dir='ltr'>in</span> <span class='ocrx_word' id='word_1_105' title='bbox 990 920 1058 954; x_wconf 90' lang='lat' dir='ltr'>loco</span> 
     </span>
     <span class='ocr_line' id='line_1_31' title="bbox 309 965 1059 1003; baseline 0.005 -4"><span class='ocrx_word' id='word_1_106' title='bbox 309 965 433 1000; x_wconf 91' lang='lat' dir='ltr'>illorum</span> <span class='ocrx_word' id='word_1_107' title='bbox 462 967 675 1002; x_wconf 74' lang='lat' dir='ltr'>restituantur.</span> <span class='ocrx_word' id='word_1_108' title='bbox 713 967 810 1002; x_wconf 88' lang='lat' dir='ltr'>Porro</span> <span class='ocrx_word' id='word_1_109' title='bbox 833 980 872 1002; x_wconf 90' lang='lat' dir='ltr'>ne</span> <span class='ocrx_word' id='word_1_110' title='bbox 906 967 966 1002; x_wconf 88' lang='lat' dir='ltr'>hoc</span> <span class='ocrx_word' id='word_1_111' title='bbox 1001 969 1059 1003; x_wconf 89' lang='lat' dir='ltr'>de-</span> 
     </span>
     <span class='ocr_line' id='line_1_32' title="bbox 308 1016 1061 1064; baseline 0.005 -16"><span class='ocrx_word' id='word_1_112' title='bbox 308 1022 428 1049; x_wconf 88' lang='lat' dir='ltr'>cretum</span> <span class='ocrx_word' id='word_1_113' title='bbox 452 1023 593 1050; x_wconf 83' lang='lat' dir='ltr'>nostrum</span> <span class='ocrx_word' id='word_1_114' title='bbox 610 1017 649 1050; x_wconf 87' lang='lat' dir='ltr'>ita</span> <span class='ocrx_word' id='word_1_115' title='bbox 666 1016 941 1063; x_wconf 87' lang='lat' dir='ltr'>statutum,aliqua</span> <span class='ocrx_word' id='word_1_116' title='bbox 952 1029 1061 1064; x_wconf 89' lang='lat' dir='ltr'>super-</span> 
     </span>
     <span class='ocr_line' id='line_1_33' title="bbox 309 1063 1059 1111; baseline 0.004 -14"><span class='ocrx_word' id='word_1_117' title='bbox 309 1063 503 1098; x_wconf 74' lang='lat' dir='ltr'>venientium</span> <span class='ocrx_word' id='word_1_118' title='bbox 526 1064 760 1111; x_wconf 78' lang='lat' dir='ltr'>capellanorum</span> <span class='ocrx_word' id='word_1_119' title='bbox 794 1077 849 1100; x_wconf 90' lang='lat' dir='ltr'>seu</span> <span class='ocrx_word' id='word_1_120' title='bbox 886 1066 1059 1100; x_wconf 87' lang='lat' dir='ltr'>monacho-</span> 
     </span>
     <span class='ocr_line' id='line_1_34' title="bbox 309 1113 1059 1159; baseline 0.003 -13"><span class='ocrx_word' id='word_1_121' title='bbox 309 1124 377 1146; x_wconf 90' lang='lat' dir='ltr'>rum</span> <span class='ocrx_word' id='word_1_122' title='bbox 407 1120 513 1159; x_wconf 90' lang='lat' dir='ltr'>posset</span> <span class='ocrx_word' id='word_1_123' title='bbox 533 1113 729 1148; x_wconf 84' lang='lat' dir='ltr'>cavillatione</span> <span class='ocrx_word' id='word_1_124' title='bbox 756 1113 902 1157; x_wconf 89' lang='lat' dir='ltr'>convelli,</span> <span class='ocrx_word' id='word_1_125' title='bbox 938 1114 1059 1149; x_wconf 87' lang='lat' dir='ltr'>littera-</span> 
     </span>
     <span class='ocr_line' id='line_1_35' title="bbox 309 1161 1060 1209; baseline 0.003 -14"><span class='ocrx_word' id='word_1_126' title='bbox 309 1173 376 1195; x_wconf 86' lang='lat' dir='ltr'>rum</span> <span class='ocrx_word' id='word_1_127' title='bbox 400 1169 577 1196; x_wconf 85' lang='lat' dir='ltr'>nostrarum</span> <span class='ocrx_word' id='word_1_128' title='bbox 600 1161 737 1197; x_wconf 87' lang='lat' dir='ltr'>adhibita</span> <span class='ocrx_word' id='word_1_129' title='bbox 772 1172 819 1197; x_wconf 84' lang='lat' dir='ltr'>est</span> <span class='ocrx_word' id='word_1_130' title='bbox 857 1163 1060 1209; x_wconf 81' lang='lat' dir='ltr'>privilegialis</span> 
     </span>
     <span class='ocr_line' id='line_1_36' title="bbox 308 1209 1058 1258; baseline 0.004 -15"><span class='ocrx_word' id='word_1_131' title='bbox 308 1210 488 1244; x_wconf 85' lang='lat' dir='ltr'>auctoritas.</span> <span class='ocrx_word' id='word_1_132' title='bbox 510 1209 605 1245; x_wconf 86' lang='lat' dir='ltr'>Facta</span> <span class='ocrx_word' id='word_1_133' title='bbox 632 1219 705 1245; x_wconf 90' lang='lat' dir='ltr'>sunt</span> <span class='ocrx_word' id='word_1_134' title='bbox 733 1219 838 1246; x_wconf 87' lang='lat' dir='ltr'>autem</span> <span class='ocrx_word' id='word_1_135' title='bbox 867 1212 945 1246; x_wconf 84' lang='lat' dir='ltr'>haee</span> <span class='ocrx_word' id='word_1_136' title='bbox 975 1212 1058 1258; x_wconf 89' lang='lat' dir='ltr'>apud</span> 
     </span>
     <span class='ocr_line' id='line_1_37' title="bbox 309 1257 1059 1300; baseline 0.004 -8"><span class='ocrx_word' id='word_1_137' title='bbox 309 1257 448 1293; x_wconf 84' lang='lat' dir='ltr'>Gratiam</span> <span class='ocrx_word' id='word_1_138' title='bbox 459 1259 517 1294; x_wconf 86' lang='lat' dir='ltr'>Dei</span> <span class='ocrx_word' id='word_1_139' title='bbox 528 1272 545 1294; x_wconf 86' lang='lat' dir='ltr'>x</span> <span class='ocrx_word' id='word_1_140' title='bbox 561 1258 710 1295; x_wconf 83' lang='lat' dir='ltr'>kalendas</span> <span class='ocrx_word' id='word_1_141' title='bbox 723 1260 872 1300; x_wconf 84' lang='lat' dir='ltr'>octobris,</span> <span class='ocrx_word' id='word_1_142' title='bbox 881 1260 1059 1296; x_wconf 87' lang='lat' dir='ltr'>dominicae</span> 
     </span>
     <span class='ocr_line' id='line_1_38' title="bbox 310 1307 1061 1353; baseline 0.005 -12"><span class='ocrx_word' id='word_1_143' title='bbox 310 1307 533 1343; x_wconf 89' lang='lat' dir='ltr'>incarnationis</span> <span class='ocrx_word' id='word_1_144' title='bbox 558 1320 642 1343; x_wconf 90' lang='lat' dir='ltr'>anno</span> <span class='ocrx_word' id='word_1_145' title='bbox 664 1320 800 1353; x_wconf 65' lang='lat' dir='ltr'>mcxcix,</span> <span class='ocrx_word' id='word_1_146' title='bbox 819 1308 962 1344; x_wconf 86' lang='lat' dir='ltr'>Romano</span> <span class='ocrx_word' id='word_1_147' title='bbox 979 1310 1061 1345; x_wconf 88' lang='lat' dir='ltr'>Pon-</span> 
     </span>
     <span class='ocr_line' id='line_1_39' title="bbox 310 1356 1058 1404; baseline 0.004 -14"><span class='ocrx_word' id='word_1_148' title='bbox 310 1356 391 1391; x_wconf 80' lang='lat' dir='ltr'>tilice</span> <span class='ocrx_word' id='word_1_149' title='bbox 408 1356 553 1403; x_wconf 83' lang='lat' dir='ltr'>Eugenio</span> <span class='ocrx_word' id='word_1_150' title='bbox 571 1356 626 1397; x_wconf 82' lang='grc' dir='ltr'>ΠΙ,</span> <span class='ocrx_word' id='word_1_151' title='bbox 667 1366 816 1404; x_wconf 81' lang='lat' dir='ltr'>regnante</span> <span class='ocrx_word' id='word_1_152' title='bbox 861 1359 890 1392; x_wconf 92' lang='lat' dir='ltr'>in</span> <span class='ocrx_word' id='word_1_153' title='bbox 927 1358 1058 1394; x_wconf 80' lang='lat' dir='ltr'>Francia</span> 
     </span>
     <span class='ocr_line' id='line_1_40' title="bbox 311 1405 1058 1453; baseline 0.004 -14"><span class='ocrx_word' id='word_1_154' title='bbox 311 1417 383 1450; x_wconf 80' lang='lat' dir='ltr'>rege</span> <span class='ocrx_word' id='word_1_155' title='bbox 402 1405 576 1449; x_wconf 82' lang='lat' dir='ltr'>Ludovico,</span> <span class='ocrx_word' id='word_1_156' title='bbox 602 1405 714 1441; x_wconf 87' lang='lat' dir='ltr'>eodem</span> <span class='ocrx_word' id='word_1_157' title='bbox 729 1406 809 1441; x_wconf 90' lang='lat' dir='ltr'>duce</span> <span class='ocrx_word' id='word_1_158' title='bbox 826 1407 856 1441; x_wconf 93' lang='lat' dir='ltr'>in</span> <span class='ocrx_word' id='word_1_159' title='bbox 879 1407 1058 1453; x_wconf 78' lang='lat' dir='ltr'>Aquitania.</span> 
     </span>
    </p>
   </div>
   <div class='ocr_carea' id='block_1_16' title="bbox 308 1501 1080 2130">
    <p class='ocr_par' dir='ltr' id='par_1_16' title="bbox 308 1501 1080 2130">
     <span class='ocr_line' id='line_1_41' title="bbox 309 1501 1059 1548; baseline 0.004 -12"><span class='ocrx_word' id='word_1_160' title='bbox 309 1501 406 1537; x_wconf 87' lang='lat' dir='ltr'>abbas</span> <span class='ocrx_word' id='word_1_161' title='bbox 436 1504 554 1548; x_wconf 80' lang='lat' dir='ltr'>gratiae</span> <span class='ocrx_word' id='word_1_162' title='bbox 589 1503 660 1544; x_wconf 85' lang='lat' dir='ltr'>Dei,</span> <span class='ocrx_word' id='word_1_163' title='bbox 699 1504 869 1539; x_wconf 75' lang='lat' dir='ltr'>Gauii-idus</span> <span class='ocrx_word' id='word_1_164' title='bbox 903 1505 1059 1540; x_wconf 86' lang='lat' dir='ltr'>archidia-</span> 
     </span>
     <span class='ocr_line' id='line_1_42' title="bbox 309 1552 1080 1601; baseline 0.006 -16"><span class='ocrx_word' id='word_1_165' title='bbox 309 1564 419 1591; x_wconf 83' lang='lat' dir='ltr'>conus,</span> <span class='ocrx_word' id='word_1_166' title='bbox 442 1552 625 1587; x_wconf 89' lang='lat' dir='ltr'>Willelmus</span> <span class='ocrx_word' id='word_1_167' title='bbox 650 1552 776 1588; x_wconf 81' lang='lat' dir='ltr'>Aleardi</span> <span class='ocrx_word' id='word_1_168' title='bbox 792 1554 1059 1601; x_wconf 68' lang='lat' dir='ltr'>eleemosynarius</span> <span class='ocrx_word' id='word_1_169' title='bbox 1078 1580 1080 1598; x_wconf 73' lang='grc'><strong><em>,</em></strong></span> 
     </span>
     <span class='ocr_line' id='line_1_43' title="bbox 308 1599 1058 1649; baseline 0.005 -15"><span class='ocrx_word' id='word_1_170' title='bbox 308 1599 554 1642; x_wconf 74' lang='lat' dir='ltr'>xanctonensis,</span> <span class='ocrx_word' id='word_1_171' title='bbox 578 1600 722 1636; x_wconf 90' lang='lat' dir='ltr'>Iordanis</span> <span class='ocrx_word' id='word_1_172' title='bbox 750 1603 833 1649; x_wconf 86' lang='lat' dir='ltr'>prior</span> <span class='ocrx_word' id='word_1_173' title='bbox 861 1603 899 1636; x_wconf 87' lang='lat' dir='ltr'>de</span> <span class='ocrx_word' id='word_1_174' title='bbox 929 1604 1058 1644; x_wconf 80' lang='lat' dir='ltr'>Anesio,</span> 
     </span>
     <span class='ocr_line' id='line_1_44' title="bbox 309 1649 1059 1697; baseline 0.005 -14"><span class='ocrx_word' id='word_1_175' title='bbox 309 1649 486 1684; x_wconf 77' lang='lat' dir='ltr'>Aimericus</span> <span class='ocrx_word' id='word_1_176' title='bbox 513 1651 599 1697; x_wconf 90' lang='lat' dir='ltr'>prior</span> <span class='ocrx_word' id='word_1_177' title='bbox 620 1650 658 1685; x_wconf 87' lang='lat' dir='ltr'>de</span> <span class='ocrx_word' id='word_1_178' title='bbox 681 1651 792 1685; x_wconf 80' lang='lat' dir='ltr'>Boetli.</span> <span class='ocrx_word' id='word_1_179' title='bbox 816 1650 862 1685; x_wconf 84' lang='lat' dir='ltr'>De</span> <span class='ocrx_word' id='word_1_180' title='bbox 898 1653 1059 1687; x_wconf 88' lang='lat' dir='ltr'>monachis</span> 
     </span>
     <span class='ocr_line' id='line_1_45' title="bbox 309 1698 1059 1746; baseline 0.005 -14"><span class='ocrx_word' id='word_1_181' title='bbox 309 1698 492 1738; x_wconf 72' lang='lat' dir='ltr'>Aiensibus,</span> <span class='ocrx_word' id='word_1_182' title='bbox 531 1699 711 1746; x_wconf 76' lang='lat' dir='ltr'>Stephanus</span> <span class='ocrx_word' id='word_1_183' title='bbox 733 1699 972 1739; x_wconf 80' lang='lat' dir='ltr'>Constantinus,</span> <span class='ocrx_word' id='word_1_184' title='bbox 1008 1702 1059 1736; x_wconf 92' lang='lat' dir='ltr'>lo-</span> 
     </span>
     <span class='ocr_line' id='line_1_46' title="bbox 309 1747 958 1796; baseline 0.003 -15"><span class='ocrx_word' id='word_1_185' title='bbox 309 1759 407 1782; x_wconf 82' lang='lat' dir='ltr'>annes</span> <span class='ocrx_word' id='word_1_186' title='bbox 429 1747 468 1782; x_wconf 87' lang='lat' dir='ltr'>de</span> <span class='ocrx_word' id='word_1_187' title='bbox 485 1747 624 1794; x_wconf 81' lang='lat' dir='ltr'>Moguir,</span> <span class='ocrx_word' id='word_1_188' title='bbox 646 1758 676 1784; x_wconf 91' lang='lat' dir='ltr'>et</span> <span class='ocrx_word' id='word_1_189' title='bbox 697 1749 747 1783; x_wconf 86' lang='lat' dir='ltr'>alii</span> <span class='ocrx_word' id='word_1_190' title='bbox 769 1750 958 1796; x_wconf 83' lang='lat' dir='ltr'>complures.</span> 
     </span>
     <span class='ocr_line' id='line_1_47' title="bbox 360 1796 1057 1834; baseline 0.004 -4"><span class='ocrx_word' id='word_1_191' title='bbox 360 1796 522 1832; x_wconf 84' lang='lat' dir='ltr'>Praeterea</span> <span class='ocrx_word' id='word_1_192' title='bbox 553 1798 791 1833; x_wconf 84' lang='lat' dir='ltr'>concessionem</span> <span class='ocrx_word' id='word_1_193' title='bbox 830 1811 846 1833; x_wconf 86' lang='lat' dir='ltr'>a</span> <span class='ocrx_word' id='word_1_194' title='bbox 888 1799 1057 1834; x_wconf 86' lang='lat' dir='ltr'>venerabili</span> 
     </span>
     <span class='ocr_line' id='line_1_48' title="bbox 310 1844 1060 1895; baseline 0.004 -16"><span class='ocrx_word' id='word_1_195' title='bbox 310 1844 403 1879; x_wconf 83' lang='lat' dir='ltr'>fratre</span> <span class='ocrx_word' id='word_1_196' title='bbox 425 1854 532 1880; x_wconf 91' lang='lat' dir='ltr'>nostro</span> <span class='ocrx_word' id='word_1_197' title='bbox 559 1847 717 1881; x_wconf 84' lang='lat' dir='ltr'>Ademaro</span> <span class='ocrx_word' id='word_1_198' title='bbox 748 1847 962 1882; x_wconf 66' lang='lat' dir='ltr'>xanctonensi</span> <span class='ocrx_word' id='word_1_199' title='bbox 990 1849 1060 1895; x_wconf 90' lang='lat' dir='ltr'>epi-</span> 
     </span>
     <span class='ocr_line' id='line_1_49' title="bbox 310 1894 1060 1940; baseline 0.005 -12"><span class='ocrx_word' id='word_1_200' title='bbox 310 1906 406 1940; x_wconf 90' lang='lat' dir='ltr'>scopo</span> <span class='ocrx_word' id='word_1_201' title='bbox 429 1894 516 1929; x_wconf 76' lang='lat' dir='ltr'>vobis</span> <span class='ocrx_word' id='word_1_202' title='bbox 541 1896 692 1930; x_wconf 89' lang='lat' dir='ltr'>canonice</span> <span class='ocrx_word' id='word_1_203' title='bbox 708 1895 832 1940; x_wconf 72' lang='lat' dir='ltr'>factum,</span> <span class='ocrx_word' id='word_1_204' title='bbox 849 1897 928 1931; x_wconf 87' lang='lat' dir='ltr'>sicut</span> <span class='ocrx_word' id='word_1_205' title='bbox 945 1898 975 1931; x_wconf 92' lang='lat' dir='ltr'>in</span> <span class='ocrx_word' id='word_1_206' title='bbox 991 1898 1060 1932; x_wconf 88' lang='lat' dir='ltr'>eius</span> 
     </span>
     <span class='ocr_line' id='line_1_50' title="bbox 310 1943 1080 1989; baseline 0.006 -13"><span class='ocrx_word' id='word_1_207' title='bbox 310 1944 429 1989; x_wconf 79' lang='lat' dir='ltr'>scripto</span> <span class='ocrx_word' id='word_1_208' title='bbox 477 1943 659 1978; x_wconf 87' lang='lat' dir='ltr'>authentico</span> <span class='ocrx_word' id='word_1_209' title='bbox 699 1946 897 1988; x_wconf 77' lang='lat' dir='ltr'>continetur,</span> <span class='ocrx_word' id='word_1_210' title='bbox 940 1945 1080 1981; x_wconf 77' lang='lat' dir='ltr'>nihilo-&#39;</span> 
     </span>
     <span class='ocr_line' id='line_1_51' title="bbox 311 1993 1057 2041; baseline 0.007 -16"><span class='ocrx_word' id='word_1_211' title='bbox 311 1993 415 2025; x_wconf 88' lang='lat' dir='ltr'>minus</span> <span class='ocrx_word' id='word_1_212' title='bbox 441 1993 626 2027; x_wconf 89' lang='lat' dir='ltr'>auctoritate</span> <span class='ocrx_word' id='word_1_213' title='bbox 648 1993 736 2028; x_wconf 86' lang='lat' dir='ltr'>vobis</span> <span class='ocrx_word' id='word_1_214' title='bbox 770 1994 943 2041; x_wconf 87' lang='lat' dir='ltr'>apostolica</span> <span class='ocrx_word' id='word_1_215' title='bbox 978 2008 1057 2030; x_wconf 91' lang='lat' dir='ltr'>con-</span> 
     </span>
     <span class='ocr_line' id='line_1_52' title="bbox 310 2040 1058 2090; baseline 0.007 -15"><span class='ocrx_word' id='word_1_216' title='bbox 310 2040 472 2075; x_wconf 85' lang='lat' dir='ltr'>firmamus</span> <span class='ocrx_word' id='word_1_217' title='bbox 493 2049 522 2076; x_wconf 87' lang='lat' dir='ltr'>et</span> <span class='ocrx_word' id='word_1_218' title='bbox 546 2042 719 2088; x_wconf 85' lang='lat' dir='ltr'>praesentis</span> <span class='ocrx_word' id='word_1_219' title='bbox 741 2044 849 2089; x_wconf 91' lang='lat' dir='ltr'>scripti</span> <span class='ocrx_word' id='word_1_220' title='bbox 885 2045 1058 2090; x_wconf 84' lang='lat' dir='ltr'>patrocinio</span> 
     </span>
     <span class='ocr_line' id='line_1_53' title="bbox 309 2090 1059 2130; baseline 0.007 -7"><span class='ocrx_word' id='word_1_221' title='bbox 309 2090 555 2130; x_wconf 71' lang='lat' dir='ltr'>communimus,</span> <span class='ocrx_word' id='word_1_222' title='bbox 595 2091 686 2125; x_wconf 88' lang='lat' dir='ltr'>cuius</span> <span class='ocrx_word' id='word_1_223' title='bbox 729 2092 928 2127; x_wconf 83' lang='lat' dir='ltr'>authenticae</span> <span class='ocrx_word' id='word_1_224' title='bbox 970 2102 1059 2129; x_wconf 89' lang='lat' dir='ltr'>tenor</span> 
     </span>
    </p>
   </div>
   <div class='ocr_carea' id='block_1_17' title="bbox 1078 1430 1082 2165">
    <p class='ocr_par' dir='ltr' id='par_1_17' title="bbox 1078 1430 1082 2165">
     <span class='ocr_line' id='line_1_54' title="bbox 1078 1430 1082 2165; baseline 0 0"><span class='ocrx_word' id='word_1_225' title='bbox 1078 1430 1082 2165; x_wconf 95' lang='lat' dir='ltr'> </span> 
     </span>
    </p>
   </div>
   <div class='ocr_carea' id='block_1_18' title="bbox 311 2139 456 2173">
    <p class='ocr_par' dir='ltr' id='par_1_18' title="bbox 311 2139 456 2173">
     <span class='ocr_line' id='line_1_55' title="bbox 311 2139 456 2173; baseline 0 -1"><span class='ocrx_word' id='word_1_226' title='bbox 311 2139 379 2173; x_wconf 87' lang='lat' dir='ltr'>talis</span> <span class='ocrx_word' id='word_1_227' title='bbox 400 2150 456 2173; x_wconf 86' lang='lat' dir='ltr'>est.</span> 
     </span>
    </p>
   </div>
   <div class='ocr_carea' id='block_1_19' title="bbox 1077 2168 1117 2190">
    <p class='ocr_par' dir='ltr' id='par_1_19' title="bbox 1077 2168 1117 2190">
     <span class='ocr_line' id='line_1_56' title="bbox 1077 2168 1117 2190; baseline 0.025 -1"><span class='ocrx_word' id='word_1_228' title='bbox 1077 2168 1080 2189; x_wconf 85' lang='lat' dir='ltr'>l</span> <span class='ocrx_word' id='word_1_229' title='bbox 1098 2172 1117 2190; x_wconf 68' lang='grc' dir='ltr'><strong><em>Ο</em></strong></span> 
     </span>
    </p>
   </div>
   <div class='ocr_carea' id='block_1_20' title="bbox 359 2187 1079 2235">
    <p class='ocr_par' dir='ltr' id='par_1_20' title="bbox 359 2187 1079 2235">
     <span class='ocr_line' id='line_1_57' title="bbox 359 2187 1079 2235; baseline 0.004 -13"><span class='ocrx_word' id='word_1_230' title='bbox 359 2187 426 2234; x_wconf 81' lang='lat' dir='ltr'>Ego</span> <span class='ocrx_word' id='word_1_231' title='bbox 449 2187 626 2223; x_wconf 84' lang='lat' dir='ltr'>Ademarus</span> <span class='ocrx_word' id='word_1_232' title='bbox 639 2188 696 2222; x_wconf 79' lang='lat' dir='ltr'>Dei</span> <span class='ocrx_word' id='word_1_233' title='bbox 709 2190 807 2235; x_wconf 82' lang='lat' dir='ltr'>gratia</span> <span class='ocrx_word' id='word_1_234' title='bbox 828 2190 1058 2226; x_wconf 70' lang='lat' dir='ltr'>xanctonensis</span> <span class='ocrx_word' id='word_1_235' title='bbox 1077 2196 1079 2232; x_wconf 64' lang='grc' dir='ltr'>ξ</span> 
     </span>
    </p>
   </div>
   <div class='ocr_carea' id='block_1_21' title="bbox 243 2237 1079 2289">
    <p class='ocr_par' dir='ltr' id='par_1_21' title="bbox 243 2237 1079 2289">
     <span class='ocr_line' id='line_1_58' title="bbox 243 2237 1079 2289; baseline 0.007 -20"><span class='ocrx_word' id='word_1_236' title='bbox 243 2237 496 2289; x_wconf 50' lang='lat' dir='ltr'>⁰¹¹¹·episcopus,</span> <span class='ocrx_word' id='word_1_237' title='bbox 536 2238 682 2284; x_wconf 90' lang='lat' dir='ltr'>precibus</span> <span class='ocrx_word' id='word_1_238' title='bbox 720 2239 906 2274; x_wconf 81' lang='lat' dir='ltr'>venerabilis</span> <span class='ocrx_word' id='word_1_239' title='bbox 940 2240 1079 2275; x_wconf 72' lang='lat' dir='ltr'>dmnmi&#39;</span> 
     </span>
    </p>
   </div>
   <div class='ocr_carea' id='block_1_22' title="bbox 310 2285 1080 2573">
    <p class='ocr_par' dir='ltr' id='par_1_22' title="bbox 310 2285 1080 2573">
     <span class='ocr_line' id='line_1_59' title="bbox 310 2285 1056 2331; baseline 0.007 -13"><span class='ocrx_word' id='word_1_240' title='bbox 310 2285 462 2320; x_wconf 79' lang='lat' dir='ltr'>Telliandi</span> <span class='ocrx_word' id='word_1_241' title='bbox 503 2287 625 2321; x_wconf 85' lang='lat' dir='ltr'>abbatis</span> <span class='ocrx_word' id='word_1_242' title='bbox 646 2287 867 2323; x_wconf 85' lang='lat' dir='ltr'>Cluniacensis</span> <span class='ocrx_word' id='word_1_243' title='bbox 901 2289 1056 2331; x_wconf 82' lang='lat' dir='ltr'>inclinati,</span> 
     </span>
     <span class='ocr_line' id='line_1_60' title="bbox 312 2301 1080 2391; baseline 0.007 -23"><span class='ocrx_word' id='word_1_244' title='bbox 312 2338 377 2381; x_wconf 81' lang='lat' dir='ltr'>paci</span> <span class='ocrx_word' id='word_1_245' title='bbox 401 2347 428 2370; x_wconf 86' lang='lat' dir='ltr'>et</span> <span class='ocrx_word' id='word_1_246' title='bbox 456 2336 670 2383; x_wconf 85' lang='lat' dir='ltr'>tranquillitati</span> <span class='ocrx_word' id='word_1_247' title='bbox 706 2337 834 2372; x_wconf 80' lang='lat' dir='ltr'>fratrum</span> <span class='ocrx_word' id='word_1_248' title='bbox 868 2301 1080 2391; x_wconf 73' lang='lat' dir='ltr'>Cluniacen-l</span> 
     </span>
     <span class='ocr_line' id='line_1_61' title="bbox 311 2385 1079 2424; baseline 0.008 -7"><span class='ocrx_word' id='word_1_249' title='bbox 311 2385 390 2418; x_wconf 75' lang='lat' dir='ltr'>sium</span> <span class='ocrx_word' id='word_1_250' title='bbox 414 2385 624 2423; x_wconf 76' lang='lat' dir='ltr'>intendentes,</span> <span class='ocrx_word' id='word_1_251' title='bbox 647 2386 832 2421; x_wconf 80' lang='lat' dir='ltr'>monasteria</span> <span class='ocrx_word' id='word_1_252' title='bbox 855 2395 885 2421; x_wconf 88' lang='lat' dir='ltr'>et</span> <span class='ocrx_word' id='word_1_253' title='bbox 909 2388 1058 2424; x_wconf 87' lang='lat' dir='ltr'>ecclesias</span> <span class='ocrx_word' id='word_1_254' title='bbox 1077 2396 1079 2404; x_wconf 83' lang='lat'>¹</span> 
     </span>
     <span class='ocr_line' id='line_1_62' title="bbox 310 2414 1079 2483; baseline 0.008 -17"><span class='ocrx_word' id='word_1_255' title='bbox 310 2443 404 2479; x_wconf 81' lang='lat' dir='ltr'>atque</span> <span class='ocrx_word' id='word_1_256' title='bbox 431 2434 568 2481; x_wconf 82' lang='lat' dir='ltr'>capellas</span> <span class='ocrx_word' id='word_1_257' title='bbox 590 2436 620 2469; x_wconf 91' lang='lat' dir='ltr'>in</span> <span class='ocrx_word' id='word_1_258' title='bbox 645 2444 750 2471; x_wconf 90' lang='lat' dir='ltr'>nostro</span> <span class='ocrx_word' id='word_1_259' title='bbox 773 2437 954 2483; x_wconf 86' lang='lat' dir='ltr'>episcopatu</span> <span class='ocrx_word' id='word_1_260' title='bbox 971 2438 1057 2480; x_wconf 89' lang='lat' dir='ltr'>sitas,</span> <span class='ocrx_word' id='word_1_261' title='bbox 1076 2414 1079 2479; x_wconf 78' lang='lat' dir='ltr'>l</span> 
     </span>
     <span class='ocr_line' id='line_1_63' title="bbox 311 2484 1058 2522; baseline 0.009 -7"><span class='ocrx_word' id='word_1_262' title='bbox 311 2494 369 2516; x_wconf 83' lang='lat' dir='ltr'>nec</span> <span class='ocrx_word' id='word_1_263' title='bbox 391 2496 452 2517; x_wconf 84' lang='lat' dir='ltr'>non</span> <span class='ocrx_word' id='word_1_264' title='bbox 480 2493 510 2518; x_wconf 90' lang='lat' dir='ltr'>et</span> <span class='ocrx_word' id='word_1_265' title='bbox 536 2497 646 2519; x_wconf 86' lang='lat' dir='ltr'>omnes</span> <span class='ocrx_word' id='word_1_266' title='bbox 680 2484 908 2521; x_wconf 87' lang='lat' dir='ltr'>decimationes</span> <span class='ocrx_word' id='word_1_267' title='bbox 946 2485 1058 2522; x_wconf 87' lang='lat' dir='ltr'>Eccle-</span> 
     </span>
     <span class='ocr_line' id='line_1_64' title="bbox 310 2532 1057 2573; baseline 0.008 -9"><span class='ocrx_word' id='word_1_268' title='bbox 310 2532 426 2565; x_wconf 80' lang='lat' dir='ltr'>siarum</span> <span class='ocrx_word' id='word_1_269' title='bbox 455 2542 626 2568; x_wconf 71' lang='lat' dir='ltr'>vestrarum</span> <span class='ocrx_word' id='word_1_270' title='bbox 655 2543 684 2569; x_wconf 86' lang='lat' dir='ltr'>et</span> <span class='ocrx_word' id='word_1_271' title='bbox 711 2535 853 2573; x_wconf 81' lang='lat' dir='ltr'>aliarum,</span> <span class='ocrx_word' id='word_1_272' title='bbox 881 2536 904 2569; x_wconf 82' lang='lat' dir='ltr'>si</span> <span class='ocrx_word' id='word_1_273' title='bbox 928 2535 1005 2570; x_wconf 86' lang='lat' dir='ltr'>forte</span> <span class='ocrx_word' id='word_1_274' title='bbox 1040 2549 1057 2572; x_wconf 85' lang='lat' dir='ltr'>a</span> 
     </span>
    </p>
   </div>
   <div class='ocr_carea' id='block_1_23' title="bbox 904 280 1272 302">
    <p class='ocr_par' dir='ltr' id='par_1_23' title="bbox 904 280 1272 302">
     <span class='ocr_line' id='line_1_65' title="bbox 904 280 1272 302; baseline 0.003 -1"><span class='ocrx_word' id='word_1_275' title='bbox 904 280 1001 302; x_wconf 50' lang='lat' dir='ltr'>tinuit</span> <span class='ocrx_word' id='word_1_276' title='bbox 1008 281 1037 301; x_wconf 76' lang='lat' dir='ltr'>R!</span> <span class='ocrx_word' id='word_1_277' title='bbox 1045 280 1088 301; x_wconf 70' lang='grc' dir='ltr'>[Ἦ</span> <span class='ocrx_word' id='word_1_278' title='bbox 1112 280 1179 302; x_wconf 72' lang='lat' dir='ltr'>ROM</span> <span class='ocrx_word' id='word_1_279' title='bbox 1186 281 1200 301; x_wconf 70' lang='grc' dir='ltr'>Α</span> <span class='ocrx_word' id='word_1_280' title='bbox 1207 281 1272 302; x_wconf 74' lang='lat' dir='ltr'>Num</span> 
     </span>
    </p>
   </div>
   <div class='ocr_carea' id='block_1_24' title="bbox 1098 334 1848 2584">
    <p class='ocr_par' dir='ltr' id='par_1_24' title="bbox 1098 334 1848 2584">
     <span class='ocr_line' id='line_1_66' title="bbox 1100 334 1845 380; baseline 0.001 -12"><span class='ocrx_word' id='word_1_281' title='bbox 1100 334 1146 368; x_wconf 82' lang='lat' dir='ltr'>vel</span> <span class='ocrx_word' id='word_1_282' title='bbox 1168 335 1393 380; x_wconf 79' lang='lat' dir='ltr'>emptionibus,</span> <span class='ocrx_word' id='word_1_283' title='bbox 1415 347 1471 369; x_wconf 81' lang='lat' dir='ltr'>seu</span> <span class='ocrx_word' id='word_1_284' title='bbox 1500 334 1569 369; x_wconf 89' lang='lat' dir='ltr'>aliis</span> <span class='ocrx_word' id='word_1_285' title='bbox 1602 334 1692 369; x_wconf 91' lang='lat' dir='ltr'>iustis</span> <span class='ocrx_word' id='word_1_286' title='bbox 1730 334 1845 373; x_wconf 84' lang='lat' dir='ltr'>modis,</span> 
     </span>
     <span class='ocr_line' id='line_1_67' title="bbox 1098 382 1845 429; baseline 0.003 -13"><span class='ocrx_word' id='word_1_287' title='bbox 1098 382 1293 429; x_wconf 86' lang='lat' dir='ltr'>ubicumque</span> <span class='ocrx_word' id='word_1_288' title='bbox 1322 383 1397 427; x_wconf 89' lang='lat' dir='ltr'>sint,</span> <span class='ocrx_word' id='word_1_289' title='bbox 1437 395 1495 418; x_wconf 92' lang='lat' dir='ltr'>nec</span> <span class='ocrx_word' id='word_1_290' title='bbox 1529 395 1591 418; x_wconf 92' lang='lat' dir='ltr'>non</span> <span class='ocrx_word' id='word_1_291' title='bbox 1636 392 1665 418; x_wconf 88' lang='lat' dir='ltr'>et</span> <span class='ocrx_word' id='word_1_292' title='bbox 1701 384 1845 418; x_wconf 83' lang='lat' dir='ltr'>universa</span> 
     </span>
     <span class='ocr_line' id='line_1_68' title="bbox 1099 432 1846 480; baseline 0.001 -15"><span class='ocrx_word' id='word_1_293' title='bbox 1099 432 1202 465; x_wconf 88' lang='lat' dir='ltr'>omnia</span> <span class='ocrx_word' id='word_1_294' title='bbox 1224 443 1443 479; x_wconf 81' lang='lat' dir='ltr'>quaecumque</span> <span class='ocrx_word' id='word_1_295' title='bbox 1469 432 1536 466; x_wconf 89' lang='lat' dir='ltr'>Deo</span> <span class='ocrx_word' id='word_1_296' title='bbox 1564 432 1699 479; x_wconf 88' lang='lat' dir='ltr'>propitio</span> <span class='ocrx_word' id='word_1_297' title='bbox 1737 433 1846 480; x_wconf 89' lang='lat' dir='ltr'>acqui-</span> 
     </span>
     <span class='ocr_line' id='line_1_69' title="bbox 1100 480 1845 528; baseline 0.003 -14"><span class='ocrx_word' id='word_1_298' title='bbox 1100 492 1167 515; x_wconf 87' lang='lat' dir='ltr'>rere</span> <span class='ocrx_word' id='word_1_299' title='bbox 1180 481 1331 526; x_wconf 87' lang='lat' dir='ltr'>poteritis.</span> <span class='ocrx_word' id='word_1_300' title='bbox 1346 480 1478 528; x_wconf 85' lang='lat' dir='ltr'>Insuper</span> <span class='ocrx_word' id='word_1_301' title='bbox 1492 493 1617 515; x_wconf 87' lang='lat' dir='ltr'>omnem</span> <span class='ocrx_word' id='word_1_302' title='bbox 1633 481 1845 521; x_wconf 85' lang='lat' dir='ltr'>donationem,</span> 
     </span>
     <span class='ocr_line' id='line_1_70' title="bbox 1099 528 1846 575; baseline 0.004 -13"><span class='ocrx_word' id='word_1_303' title='bbox 1099 528 1296 575; x_wconf 78' lang='lat' dir='ltr'>largitionem</span> <span class='ocrx_word' id='word_1_304' title='bbox 1328 541 1421 575; x_wconf 88' lang='lat' dir='ltr'>quam</span> <span class='ocrx_word' id='word_1_305' title='bbox 1455 529 1591 564; x_wconf 90' lang='lat' dir='ltr'>domnus</span> <span class='ocrx_word' id='word_1_306' title='bbox 1627 529 1846 566; x_wconf 83' lang='lat' dir='ltr'>Hisembertus</span> 
     </span>
     <span class='ocr_line' id='line_1_71' title="bbox 1098 577 1846 614; baseline 0.001 -2"><span class='ocrx_word' id='word_1_307' title='bbox 1098 577 1137 612; x_wconf 90' lang='lat' dir='ltr'>de</span> <span class='ocrx_word' id='word_1_308' title='bbox 1159 577 1271 612; x_wconf 87' lang='lat' dir='ltr'>Castro</span> <span class='ocrx_word' id='word_1_309' title='bbox 1292 577 1404 612; x_wconf 83' lang='lat' dir='ltr'>Alione</span> <span class='ocrx_word' id='word_1_310' title='bbox 1420 577 1578 612; x_wconf 86' lang='lat' dir='ltr'>Ecclesiae</span> <span class='ocrx_word' id='word_1_311' title='bbox 1593 578 1698 612; x_wconf 85' lang='lat' dir='ltr'>Aiensi</span> <span class='ocrx_word' id='word_1_312' title='bbox 1714 580 1846 614; x_wconf 86' lang='lat' dir='ltr'>consilio</span> 
     </span>
     <span class='ocr_line' id='line_1_72' title="bbox 1099 626 1846 672; baseline 0.003 -12"><span class='ocrx_word' id='word_1_313' title='bbox 1099 627 1235 661; x_wconf 82' lang='lat' dir='ltr'>virorum</span> <span class='ocrx_word' id='word_1_314' title='bbox 1250 626 1451 672; x_wconf 85' lang='lat' dir='ltr'>prudentium</span> <span class='ocrx_word' id='word_1_315' title='bbox 1466 626 1750 667; x_wconf 80' lang='lat' dir='ltr'>nosciturdedisse,</span> <span class='ocrx_word' id='word_1_316' title='bbox 1765 629 1846 662; x_wconf 89' lang='lat' dir='ltr'>sicut</span> 
     </span>
     <span class='ocr_line' id='line_1_73' title="bbox 1099 675 1847 722; baseline 0.001 -13"><span class='ocrx_word' id='word_1_317' title='bbox 1099 682 1188 710; x_wconf 90' lang='lat' dir='ltr'>tenor</span> <span class='ocrx_word' id='word_1_318' title='bbox 1208 675 1377 710; x_wconf 88' lang='lat' dir='ltr'>authentici</span> <span class='ocrx_word' id='word_1_319' title='bbox 1400 675 1508 722; x_wconf 86' lang='lat' dir='ltr'>scripti</span> <span class='ocrx_word' id='word_1_320' title='bbox 1529 676 1578 710; x_wconf 93' lang='lat' dir='ltr'>sui</span> <span class='ocrx_word' id='word_1_321' title='bbox 1596 675 1744 718; x_wconf 81' lang='lat' dir='ltr'>declarat,</span> <span class='ocrx_word' id='word_1_322' title='bbox 1760 676 1847 711; x_wconf 82' lang='lat' dir='ltr'>vobis</span> 
     </span>
     <span class='ocr_line' id='line_1_74' title="bbox 1099 724 1847 771; baseline 0.003 -13"><span class='ocrx_word' id='word_1_323' title='bbox 1099 725 1273 771; x_wconf 87' lang='lat' dir='ltr'>vestrisque</span> <span class='ocrx_word' id='word_1_324' title='bbox 1295 724 1532 759; x_wconf 78' lang='lat' dir='ltr'>successoribus</span> <span class='ocrx_word' id='word_1_325' title='bbox 1554 724 1696 759; x_wconf 84' lang='lat' dir='ltr'>habenda</span> <span class='ocrx_word' id='word_1_326' title='bbox 1728 732 1759 759; x_wconf 89' lang='lat' dir='ltr'>et</span> <span class='ocrx_word' id='word_1_327' title='bbox 1798 735 1847 760; x_wconf 88' lang='lat' dir='ltr'>te-</span> 
     </span>
     <span class='ocr_line' id='line_1_75' title="bbox 1100 772 1847 820; baseline 0.003 -13"><span class='ocrx_word' id='word_1_328' title='bbox 1100 773 1200 808; x_wconf 85' lang='lat' dir='ltr'>nenda</span> <span class='ocrx_word' id='word_1_329' title='bbox 1220 773 1250 807; x_wconf 91' lang='lat' dir='ltr'>in</span> <span class='ocrx_word' id='word_1_330' title='bbox 1271 783 1457 820; x_wconf 86' lang='lat' dir='ltr'>perpetuum</span> <span class='ocrx_word' id='word_1_331' title='bbox 1473 772 1643 820; x_wconf 83' lang='lat' dir='ltr'>pontificali</span> <span class='ocrx_word' id='word_1_332' title='bbox 1663 774 1847 809; x_wconf 88' lang='lat' dir='ltr'>auctoritate</span> 
     </span>
     <span class='ocr_line' id='line_1_76' title="bbox 1099 821 1848 857; baseline 0.001 -1"><span class='ocrx_word' id='word_1_333' title='bbox 1099 822 1306 857; x_wconf 89' lang='lat' dir='ltr'>concedimus</span> <span class='ocrx_word' id='word_1_334' title='bbox 1324 831 1354 857; x_wconf 90' lang='lat' dir='ltr'>et</span> <span class='ocrx_word' id='word_1_335' title='bbox 1375 821 1609 856; x_wconf 75' lang='lat' dir='ltr'>confirmamus.</span> <span class='ocrx_word' id='word_1_336' title='bbox 1632 821 1673 857; x_wconf 85' lang='lat' dir='ltr'>Et</span> <span class='ocrx_word' id='word_1_337' title='bbox 1702 831 1734 856; x_wconf 94' lang='lat' dir='ltr'>ut</span> <span class='ocrx_word' id='word_1_338' title='bbox 1768 835 1848 857; x_wconf 91' lang='lat' dir='ltr'>con-</span> 
     </span>
     <span class='ocr_line' id='line_1_77' title="bbox 1098 870 1847 917; baseline -0.001 -11"><span class='ocrx_word' id='word_1_339' title='bbox 1098 872 1199 906; x_wconf 81' lang='lat' dir='ltr'>cessio</span> <span class='ocrx_word' id='word_1_340' title='bbox 1225 879 1319 916; x_wconf 88' lang='lat' dir='ltr'>atque</span> <span class='ocrx_word' id='word_1_341' title='bbox 1357 871 1554 905; x_wconf 80' lang='lat' dir='ltr'>confirmatio</span> <span class='ocrx_word' id='word_1_342' title='bbox 1591 880 1759 917; x_wconf 79' lang='lat' dir='ltr'>perpetuae</span> <span class='ocrx_word' id='word_1_343' title='bbox 1794 870 1847 905; x_wconf 83' lang='lat' dir='ltr'>lir-</span> 
     </span>
     <span class='ocr_line' id='line_1_78' title="bbox 1099 919 1848 965; baseline 0 -11"><span class='ocrx_word' id='word_1_344' title='bbox 1099 920 1215 955; x_wconf 89' lang='lat' dir='ltr'>mitatis</span> <span class='ocrx_word' id='word_1_345' title='bbox 1233 920 1328 954; x_wconf 84' lang='lat' dir='ltr'>robur</span> <span class='ocrx_word' id='word_1_346' title='bbox 1350 919 1502 960; x_wconf 75' lang='lat' dir='ltr'>obtineat,</span> <span class='ocrx_word' id='word_1_347' title='bbox 1529 919 1619 965; x_wconf 85' lang='lat' dir='ltr'>sigilli</span> <span class='ocrx_word' id='word_1_348' title='bbox 1650 920 1747 954; x_wconf 89' lang='lat' dir='ltr'>nostri</span> <span class='ocrx_word' id='word_1_349' title='bbox 1776 933 1848 954; x_wconf 91' lang='lat' dir='ltr'>mu-</span> 
     </span>
     <span class='ocr_line' id='line_1_79' title="bbox 1100 967 1848 1015; baseline 0.001 -13"><span class='ocrx_word' id='word_1_350' title='bbox 1100 968 1219 1003; x_wconf 88' lang='lat' dir='ltr'>nimine</span> <span class='ocrx_word' id='word_1_351' title='bbox 1235 976 1429 1014; x_wconf 85' lang='lat' dir='ltr'>praesentem</span> <span class='ocrx_word' id='word_1_352' title='bbox 1453 967 1597 1015; x_wconf 84' lang='lat' dir='ltr'>paginam</span> <span class='ocrx_word' id='word_1_353' title='bbox 1612 967 1745 1003; x_wconf 84' lang='lat' dir='ltr'>fecimus</span> <span class='ocrx_word' id='word_1_354' title='bbox 1759 980 1848 1003; x_wconf 89' lang='lat' dir='ltr'>com·</span> 
     </span>
     <span class='ocr_line' id='line_1_80' title="bbox 1099 1016 1848 1064; baseline 0 -13"><span class='ocrx_word' id='word_1_355' title='bbox 1099 1018 1226 1053; x_wconf 88' lang='lat' dir='ltr'>muniri:</span> <span class='ocrx_word' id='word_1_356' title='bbox 1249 1017 1286 1052; x_wconf 87' lang='lat' dir='ltr'>ad</span> <span class='ocrx_word' id='word_1_357' title='bbox 1320 1018 1469 1052; x_wconf 88' lang='lat' dir='ltr'>maiorem</span> <span class='ocrx_word' id='word_1_358' title='bbox 1499 1029 1626 1064; x_wconf 88' lang='lat' dir='ltr'>quoque</span> <span class='ocrx_word' id='word_1_359' title='bbox 1658 1016 1848 1062; x_wconf 86' lang='lat' dir='ltr'>cautlielam,</span> 
     </span>
     <span class='ocr_line' id='line_1_81' title="bbox 1099 1065 1847 1113; baseline 0.001 -13"><span class='ocrx_word' id='word_1_360' title='bbox 1099 1074 1135 1100; x_wconf 92' lang='lat' dir='ltr'>ut</span> <span class='ocrx_word' id='word_1_361' title='bbox 1155 1067 1259 1101; x_wconf 89' lang='lat' dir='ltr'>omnis</span> <span class='ocrx_word' id='word_1_362' title='bbox 1280 1066 1474 1113; x_wconf 84' lang='lat' dir='ltr'>quaestionis</span> <span class='ocrx_word' id='word_1_363' title='bbox 1490 1066 1659 1112; x_wconf 87' lang='lat' dir='ltr'>scrupulus</span> <span class='ocrx_word' id='word_1_364' title='bbox 1681 1065 1720 1101; x_wconf 89' lang='lat' dir='ltr'>de</span> <span class='ocrx_word' id='word_1_365' title='bbox 1742 1066 1847 1101; x_wconf 88' lang='lat' dir='ltr'>medio</span> 
     </span>
     <span class='ocr_line' id='line_1_82' title="bbox 1100 1114 1848 1156; baseline 0.001 -7"><span class='ocrx_word' id='word_1_366' title='bbox 1100 1114 1236 1156; x_wconf 87' lang='lat' dir='ltr'>tollatur,</span> <span class='ocrx_word' id='word_1_367' title='bbox 1259 1115 1371 1150; x_wconf 90' lang='lat' dir='ltr'>damus</span> <span class='ocrx_word' id='word_1_368' title='bbox 1391 1124 1421 1150; x_wconf 88' lang='lat' dir='ltr'>et</span> <span class='ocrx_word' id='word_1_369' title='bbox 1444 1114 1649 1149; x_wconf 88' lang='lat' dir='ltr'>concedimus</span> <span class='ocrx_word' id='word_1_370' title='bbox 1668 1115 1756 1149; x_wconf 82' lang='lat' dir='ltr'>vobis</span> <span class='ocrx_word' id='word_1_371' title='bbox 1788 1115 1848 1150; x_wconf 86' lang='lat' dir='ltr'>de-</span> 
     </span>
     <span class='ocr_line' id='line_1_83' title="bbox 1100 1164 1846 1211; baseline 0 -13"><span class='ocrx_word' id='word_1_372' title='bbox 1100 1164 1208 1204; x_wconf 79' lang='lat' dir='ltr'>cimas,</span> <span class='ocrx_word' id='word_1_373' title='bbox 1230 1176 1307 1211; x_wconf 90' lang='lat' dir='ltr'>quas</span> <span class='ocrx_word' id='word_1_374' title='bbox 1321 1176 1336 1198; x_wconf 92' lang='lat' dir='ltr'>a</span> <span class='ocrx_word' id='word_1_375' title='bbox 1365 1164 1452 1199; x_wconf 81' lang='lat' dir='ltr'>laicis</span> <span class='ocrx_word' id='word_1_376' title='bbox 1474 1164 1652 1210; x_wconf 74' lang='lat' dir='ltr'>acquisistis</span> <span class='ocrx_word' id='word_1_377' title='bbox 1676 1164 1720 1198; x_wconf 87' lang='lat' dir='ltr'>vel</span> <span class='ocrx_word' id='word_1_378' title='bbox 1744 1165 1846 1210; x_wconf 90' lang='lat' dir='ltr'>acqui-</span> 
     </span>
     <span class='ocr_line' id='line_1_84' title="bbox 1100 1212 1845 1259; baseline -0.001 -12"><span class='ocrx_word' id='word_1_379' title='bbox 1100 1224 1167 1247; x_wconf 88' lang='lat' dir='ltr'>rere</span> <span class='ocrx_word' id='word_1_380' title='bbox 1184 1213 1335 1259; x_wconf 89' lang='lat' dir='ltr'>poteritis.</span> <span class='ocrx_word' id='word_1_381' title='bbox 1351 1212 1536 1247; x_wconf 90' lang='lat' dir='ltr'>Inhibemus</span> <span class='ocrx_word' id='word_1_382' title='bbox 1549 1213 1640 1247; x_wconf 86' lang='lat' dir='ltr'>etiam</span> <span class='ocrx_word' id='word_1_383' title='bbox 1663 1212 1722 1246; x_wconf 90' lang='lat' dir='ltr'>sub</span> <span class='ocrx_word' id='word_1_384' title='bbox 1744 1225 1845 1259; x_wconf 90' lang='lat' dir='ltr'>poena</span> 
     </span>
     <span class='ocr_line' id='line_1_85' title="bbox 1099 1260 1845 1308; baseline -0.001 -12"><span class='ocrx_word' id='word_1_385' title='bbox 1099 1262 1453 1301; x_wconf 82' lang='lat' dir='ltr'>excommunicationis,</span> <span class='ocrx_word' id='word_1_386' title='bbox 1485 1261 1572 1295; x_wconf 91' lang='lat' dir='ltr'>laicis</span> <span class='ocrx_word' id='word_1_387' title='bbox 1608 1260 1769 1305; x_wconf 88' lang='lat' dir='ltr'>omnibus,</span> <span class='ocrx_word' id='word_1_388' title='bbox 1791 1262 1845 1308; x_wconf 89' lang='lat' dir='ltr'>qui</span> 
     </span>
     <span class='ocr_line' id='line_1_86' title="bbox 1100 1309 1845 1357; baseline 0.001 -13"><span class='ocrx_word' id='word_1_389' title='bbox 1100 1310 1217 1345; x_wconf 89' lang='lat' dir='ltr'>habent</span> <span class='ocrx_word' id='word_1_390' title='bbox 1237 1310 1376 1345; x_wconf 82' lang='lat' dir='ltr'>decimas</span> <span class='ocrx_word' id='word_1_391' title='bbox 1398 1310 1431 1345; x_wconf 91' lang='lat' dir='ltr'>in</span> <span class='ocrx_word' id='word_1_392' title='bbox 1453 1309 1617 1357; x_wconf 84' lang='lat' dir='ltr'>parochias</span> <span class='ocrx_word' id='word_1_393' title='bbox 1639 1318 1778 1353; x_wconf 85' lang='lat' dir='ltr'>vestras,</span> <span class='ocrx_word' id='word_1_394' title='bbox 1806 1322 1845 1345; x_wconf 88' lang='lat' dir='ltr'>ne</span> 
     </span>
     <span class='ocr_line' id='line_1_87' title="bbox 1099 1358 1846 1406; baseline 0.001 -13"><span class='ocrx_word' id='word_1_395' title='bbox 1099 1359 1204 1406; x_wconf 91' lang='lat' dir='ltr'>aliquo</span> <span class='ocrx_word' id='word_1_396' title='bbox 1231 1360 1320 1394; x_wconf 89' lang='lat' dir='ltr'>titulo</span> <span class='ocrx_word' id='word_1_397' title='bbox 1341 1359 1377 1393; x_wconf 89' lang='lat' dir='ltr'>ad</span> <span class='ocrx_word' id='word_1_398' title='bbox 1397 1359 1474 1393; x_wconf 87' lang='lat' dir='ltr'>alias</span> <span class='ocrx_word' id='word_1_399' title='bbox 1491 1358 1648 1393; x_wconf 82' lang='lat' dir='ltr'>Ecclesias</span> <span class='ocrx_word' id='word_1_400' title='bbox 1680 1358 1846 1394; x_wconf 77' lang='lat' dir='ltr'>transferre</span> 
     </span>
     <span class='ocr_line' id='line_1_88' title="bbox 1101 1407 1846 1455; baseline 0 -13"><span class='ocrx_word' id='word_1_401' title='bbox 1101 1416 1312 1454; x_wconf 68' lang='lat' dir='ltr'>praesumant,</span> <span class='ocrx_word' id='word_1_402' title='bbox 1339 1408 1422 1455; x_wconf 87' lang='lat' dir='ltr'>qnod</span> <span class='ocrx_word' id='word_1_403' title='bbox 1445 1408 1470 1442; x_wconf 92' lang='lat' dir='ltr'>si</span> <span class='ocrx_word' id='word_1_404' title='bbox 1501 1407 1600 1442; x_wconf 85' lang='lat' dir='ltr'>l&#39;acere</span> <span class='ocrx_word' id='word_1_405' title='bbox 1626 1419 1846 1454; x_wconf 89' lang='lat' dir='ltr'>praesumpse-</span> 
     </span>
     <span class='ocr_line' id='line_1_89' title="bbox 1100 1455 1846 1502; baseline 0 -11"><span class='ocrx_word' id='word_1_406' title='bbox 1100 1457 1173 1500; x_wconf 83' lang='lat' dir='ltr'>rint,</span> <span class='ocrx_word' id='word_1_407' title='bbox 1195 1457 1354 1502; x_wconf 84' lang='lat' dir='ltr'>sepultura</span> <span class='ocrx_word' id='word_1_408' title='bbox 1381 1465 1411 1490; x_wconf 86' lang='lat' dir='ltr'>et</span> <span class='ocrx_word' id='word_1_409' title='bbox 1433 1457 1517 1491; x_wconf 90' lang='lat' dir='ltr'>omni</span> <span class='ocrx_word' id='word_1_410' title='bbox 1541 1456 1646 1490; x_wconf 88' lang='lat' dir='ltr'>divino</span> <span class='ocrx_word' id='word_1_411' title='bbox 1668 1455 1771 1490; x_wconf 80' lang='lat' dir='ltr'>officio</span> <span class='ocrx_word' id='word_1_412' title='bbox 1788 1468 1846 1491; x_wconf 89' lang='lat' dir='ltr'>ca-</span> 
     </span>
     <span class='ocr_line' id='line_1_90' title="bbox 1100 1504 1847 1552; baseline 0 -12"><span class='ocrx_word' id='word_1_413' title='bbox 1100 1514 1197 1540; x_wconf 86' lang='lat' dir='ltr'>reant.</span> <span class='ocrx_word' id='word_1_414' title='bbox 1218 1505 1307 1540; x_wconf 83' lang='lat' dir='ltr'>Sicut</span> <span class='ocrx_word' id='word_1_415' title='bbox 1328 1518 1420 1552; x_wconf 90' lang='lat' dir='ltr'>supra</span> <span class='ocrx_word' id='word_1_416' title='bbox 1449 1505 1599 1552; x_wconf 86' lang='lat' dir='ltr'>scriptum</span> <span class='ocrx_word' id='word_1_417' title='bbox 1622 1513 1680 1543; x_wconf 82' lang='lat' dir='ltr'>est,</span> <span class='ocrx_word' id='word_1_418' title='bbox 1716 1504 1847 1540; x_wconf 84' lang='lat' dir='ltr'>fecimus</span> 
     </span>
     <span class='ocr_line' id='line_1_91' title="bbox 1099 1554 1845 1590; baseline -0.001 -1"><span class='ocrx_word' id='word_1_419' title='bbox 1099 1555 1231 1590; x_wconf 88' lang='lat' dir='ltr'>consilio</span> <span class='ocrx_word' id='word_1_420' title='bbox 1252 1554 1380 1589; x_wconf 74' lang='lat' dir='ltr'>Heuriei</span> <span class='ocrx_word' id='word_1_421' title='bbox 1404 1554 1594 1589; x_wconf 74' lang='lat' dir='ltr'>Alniciensis</span> <span class='ocrx_word' id='word_1_422' title='bbox 1621 1554 1845 1588; x_wconf 88' lang='lat' dir='ltr'>archidiaconi.</span> 
     </span>
     <span class='ocr_line' id='line_1_92' title="bbox 1100 1603 1847 1638; baseline 0 0"><span class='ocrx_word' id='word_1_423' title='bbox 1100 1603 1198 1638; x_wconf 86' lang='lat' dir='ltr'>Porro</span> <span class='ocrx_word' id='word_1_424' title='bbox 1221 1616 1260 1638; x_wconf 88' lang='lat' dir='ltr'>ne</span> <span class='ocrx_word' id='word_1_425' title='bbox 1282 1603 1340 1638; x_wconf 88' lang='lat' dir='ltr'>hoc</span> <span class='ocrx_word' id='word_1_426' title='bbox 1362 1603 1523 1638; x_wconf 88' lang='lat' dir='ltr'>decretum</span> <span class='ocrx_word' id='word_1_427' title='bbox 1548 1610 1688 1637; x_wconf 84' lang='lat' dir='ltr'>nostrum</span> <span class='ocrx_word' id='word_1_428' title='bbox 1712 1603 1751 1637; x_wconf 89' lang='lat' dir='ltr'>ita</span> <span class='ocrx_word' id='word_1_429' title='bbox 1783 1612 1847 1638; x_wconf 90' lang='lat' dir='ltr'>sta-</span> 
     </span>
     <span class='ocr_line' id='line_1_93' title="bbox 1100 1652 1848 1699; baseline 0.001 -13"><span class='ocrx_word' id='word_1_430' title='bbox 1100 1661 1200 1687; x_wconf 89' lang='lat' dir='ltr'>tutum</span> <span class='ocrx_word' id='word_1_431' title='bbox 1223 1653 1326 1699; x_wconf 88' lang='lat' dir='ltr'>aliqua</span> <span class='ocrx_word' id='word_1_432' title='bbox 1348 1652 1639 1699; x_wconf 84' lang='lat' dir='ltr'>supervenientium</span> <span class='ocrx_word' id='word_1_433' title='bbox 1674 1659 1779 1698; x_wconf 89' lang='lat' dir='ltr'>posset</span> <span class='ocrx_word' id='word_1_434' title='bbox 1799 1664 1848 1688; x_wconf 78' lang='lat' dir='ltr'>ca·</span> 
     </span>
     <span class='ocr_line' id='line_1_94' title="bbox 1101 1701 1847 1747; baseline 0 -11"><span class='ocrx_word' id='word_1_435' title='bbox 1101 1702 1256 1737; x_wconf 82' lang='lat' dir='ltr'>villatione</span> <span class='ocrx_word' id='word_1_436' title='bbox 1278 1701 1423 1745; x_wconf 76' lang='lat' dir='ltr'>convelli,</span> <span class='ocrx_word' id='word_1_437' title='bbox 1451 1701 1546 1747; x_wconf 83' lang='lat' dir='ltr'>sigilli</span> <span class='ocrx_word' id='word_1_438' title='bbox 1580 1701 1677 1735; x_wconf 85' lang='lat' dir='ltr'>nostri</span> <span class='ocrx_word' id='word_1_439' title='bbox 1712 1701 1847 1747; x_wconf 88' lang='lat' dir='ltr'>impres-</span> 
     </span>
     <span class='ocr_line' id='line_1_95' title="bbox 1100 1748 1845 1787; baseline -0.001 -1"><span class='ocrx_word' id='word_1_440' title='bbox 1100 1752 1188 1787; x_wconf 89' lang='lat' dir='ltr'>sione</span> <span class='ocrx_word' id='word_1_441' title='bbox 1208 1751 1323 1785; x_wconf 85' lang='lat' dir='ltr'>muniri</span> <span class='ocrx_word' id='word_1_442' title='bbox 1356 1750 1500 1785; x_wconf 84' lang='lat' dir='ltr'>fecimus.</span> <span class='ocrx_word' id='word_1_443' title='bbox 1535 1748 1628 1784; x_wconf 86' lang='lat' dir='ltr'>Facta</span> <span class='ocrx_word' id='word_1_444' title='bbox 1662 1757 1709 1784; x_wconf 88' lang='lat' dir='ltr'>est</span> <span class='ocrx_word' id='word_1_445' title='bbox 1741 1758 1845 1786; x_wconf 89' lang='lat' dir='ltr'>autem</span> 
     </span>
     <span class='ocr_line' id='line_1_96' title="bbox 1101 1798 1845 1846; baseline -0.005 -10"><span class='ocrx_word' id='word_1_446' title='bbox 1101 1802 1177 1836; x_wconf 89' lang='lat' dir='ltr'>haec</span> <span class='ocrx_word' id='word_1_447' title='bbox 1203 1800 1307 1835; x_wconf 87' lang='lat' dir='ltr'>charta</span> <span class='ocrx_word' id='word_1_448' title='bbox 1329 1799 1412 1846; x_wconf 87' lang='lat' dir='ltr'>apud</span> <span class='ocrx_word' id='word_1_449' title='bbox 1437 1799 1592 1839; x_wconf 70' lang='lat' dir='ltr'>xancton,</span> <span class='ocrx_word' id='word_1_450' title='bbox 1626 1810 1686 1832; x_wconf 80' lang='lat' dir='ltr'>xm</span> <span class='ocrx_word' id='word_1_451' title='bbox 1722 1798 1845 1833; x_wconf 84' lang='lat' dir='ltr'>kalend.</span> 
     </span>
     <span class='ocr_line' id='line_1_97' title="bbox 1101 1847 1846 1889; baseline -0.003 -5"><span class='ocrx_word' id='word_1_452' title='bbox 1101 1851 1177 1889; x_wconf 85' lang='lat' dir='ltr'>iulii,</span> <span class='ocrx_word' id='word_1_453' title='bbox 1208 1849 1384 1883; x_wconf 85' lang='lat' dir='ltr'>dominicae</span> <span class='ocrx_word' id='word_1_454' title='bbox 1417 1860 1488 1883; x_wconf 76' lang='lat' dir='ltr'>vero</span> <span class='ocrx_word' id='word_1_455' title='bbox 1519 1847 1743 1882; x_wconf 77' lang='lat' dir='ltr'>incarnationis</span> <span class='ocrx_word' id='word_1_456' title='bbox 1764 1860 1846 1882; x_wconf 87' lang='lat' dir='ltr'>anno</span> 
     </span>
     <span class='ocr_line' id='line_1_98' title="bbox 1100 1895 1847 1941; baseline -0.004 -8"><span class='ocrx_word' id='word_1_457' title='bbox 1100 1911 1274 1941; x_wconf 76' lang='lat' dir='ltr'>MCLxxxn,</span> <span class='ocrx_word' id='word_1_458' title='bbox 1301 1897 1445 1931; x_wconf 87' lang='lat' dir='ltr'>Romano</span> <span class='ocrx_word' id='word_1_459' title='bbox 1468 1896 1620 1931; x_wconf 79' lang='lat' dir='ltr'>Pontifice</span> <span class='ocrx_word' id='word_1_460' title='bbox 1660 1895 1757 1930; x_wconf 85' lang='lat' dir='ltr'>Lucio</span> <span class='ocrx_word' id='word_1_461' title='bbox 1793 1896 1847 1940; x_wconf 81' lang='lat' dir='ltr'>ltt,</span> 
     </span>
     <span class='ocr_line' id='line_1_99' title="bbox 1101 1944 1847 1994; baseline -0.007 -11"><span class='ocrx_word' id='word_1_462' title='bbox 1101 1956 1250 1994; x_wconf 77' lang='lat' dir='ltr'>regnante</span> <span class='ocrx_word' id='word_1_463' title='bbox 1274 1948 1303 1981; x_wconf 90' lang='lat' dir='ltr'>iu</span> <span class='ocrx_word' id='word_1_464' title='bbox 1331 1946 1462 1980; x_wconf 86' lang='lat' dir='ltr'>Francia</span> <span class='ocrx_word' id='word_1_465' title='bbox 1486 1958 1557 1991; x_wconf 82' lang='lat' dir='ltr'>rege</span> <span class='ocrx_word' id='word_1_466' title='bbox 1579 1945 1740 1992; x_wconf 84' lang='lat' dir='ltr'>Philippo,</span> <span class='ocrx_word' id='word_1_467' title='bbox 1758 1944 1847 1979; x_wconf 83' lang='lat' dir='ltr'>Hen-</span> 
     </span>
     <span class='ocr_line' id='line_1_100' title="bbox 1100 1993 1846 2042; baseline -0.004 -11"><span class='ocrx_word' id='word_1_468' title='bbox 1100 1998 1162 2031; x_wconf 86' lang='lat' dir='ltr'>rico</span> <span class='ocrx_word' id='word_1_469' title='bbox 1186 2009 1258 2042; x_wconf 73' lang='lat' dir='ltr'>rege</span> <span class='ocrx_word' id='word_1_470' title='bbox 1281 1996 1453 2041; x_wconf 71' lang='lat' dir='ltr'>Auglorum</span> <span class='ocrx_word' id='word_1_471' title='bbox 1476 1995 1670 2040; x_wconf 81' lang='lat' dir='ltr'>gubernante</span> <span class='ocrx_word' id='word_1_472' title='bbox 1697 1993 1846 2029; x_wconf 86' lang='lat' dir='ltr'>ducatum</span> 
     </span>
     <span class='ocr_line' id='line_1_101' title="bbox 1100 2043 1844 2092; baseline -0.004 -11"><span class='ocrx_word' id='word_1_473' title='bbox 1100 2046 1285 2092; x_wconf 86' lang='lat' dir='ltr'>Aquitaniae</span> <span class='ocrx_word' id='word_1_474' title='bbox 1308 2057 1362 2091; x_wconf 84' lang='lat' dir='ltr'>per</span> <span class='ocrx_word' id='word_1_475' title='bbox 1390 2043 1584 2078; x_wconf 82' lang='lat' dir='ltr'>Richardum</span> <span class='ocrx_word' id='word_1_476' title='bbox 1609 2043 1705 2077; x_wconf 83' lang='lat' dir='ltr'>lilium</span> <span class='ocrx_word' id='word_1_477' title='bbox 1740 2055 1844 2078; x_wconf 86' lang='lat' dir='ltr'>suum.</span> 
     </span>
     <span class='ocr_line' id='line_1_102' title="bbox 1099 2092 1844 2139; baseline -0.004 -10"><span class='ocrx_word' id='word_1_478' title='bbox 1099 2095 1208 2129; x_wconf 81' lang='lat' dir='ltr'>Testes</span> <span class='ocrx_word' id='word_1_479' title='bbox 1229 2102 1303 2128; x_wconf 89' lang='lat' dir='ltr'>sunt</span> <span class='ocrx_word' id='word_1_480' title='bbox 1317 2093 1497 2139; x_wconf 76' lang='lat' dir='ltr'>praedictus</span> <span class='ocrx_word' id='word_1_481' title='bbox 1511 2092 1764 2133; x_wconf 83' lang='lat' dir='ltr'>archidiaconus,</span> <span class='ocrx_word' id='word_1_482' title='bbox 1779 2104 1844 2126; x_wconf 87' lang='lat' dir='ltr'>ma-</span> 
     </span>
     <span class='ocr_line' id='line_1_103' title="bbox 1100 2141 1845 2181; baseline -0.004 -3"><span class='ocrx_word' id='word_1_483' title='bbox 1100 2145 1193 2178; x_wconf 71' lang='lat' dir='ltr'>cister</span> <span class='ocrx_word' id='word_1_484' title='bbox 1214 2142 1396 2177; x_wconf 72' lang='lat' dir='ltr'>Witletnius</span> <span class='ocrx_word' id='word_1_485' title='bbox 1416 2142 1605 2181; x_wconf 73' lang='lat' dir='ltr'>Testautlus,</span> <span class='ocrx_word' id='word_1_486' title='bbox 1629 2141 1768 2175; x_wconf 90' lang='lat' dir='ltr'>notarius</span> <span class='ocrx_word' id='word_1_487' title='bbox 1785 2153 1845 2175; x_wconf 89' lang='lat' dir='ltr'>no—</span> 
     </span>
     <span class='ocr_line' id='line_1_104' title="bbox 1099 2191 1844 2233; baseline -0.003 -7"><span class='ocrx_word' id='word_1_488' title='bbox 1099 2201 1161 2227; x_wconf 79' lang='lat' dir='ltr'>ster</span> <span class='ocrx_word' id='word_1_489' title='bbox 1184 2192 1363 2226; x_wconf 76' lang='lat' dir='ltr'>Willelmus</span> <span class='ocrx_word' id='word_1_490' title='bbox 1385 2191 1518 2233; x_wconf 61' lang='lat' dir='ltr'>viviani,</span> <span class='ocrx_word' id='word_1_491' title='bbox 1542 2191 1714 2225; x_wconf 72' lang='lat' dir='ltr'>Aru-andus</span> <span class='ocrx_word' id='word_1_492' title='bbox 1734 2201 1844 2224; x_wconf 88' lang='lat' dir='ltr'>mona—</span> 
     </span>
     <span class='ocr_line' id='line_1_105' title="bbox 1098 2239 1845 2288; baseline -0.004 -12"><span class='ocrx_word' id='word_1_493' title='bbox 1098 2242 1178 2276; x_wconf 75' lang='lat' dir='ltr'>chus</span> <span class='ocrx_word' id='word_1_494' title='bbox 1187 2253 1284 2288; x_wconf 84' lang='lat' dir='ltr'>nepos</span> <span class='ocrx_word' id='word_1_495' title='bbox 1297 2241 1582 2285; x_wconf 75' lang='lat' dir='ltr'>noste1·,Giraudus</span> <span class='ocrx_word' id='word_1_496' title='bbox 1594 2239 1845 2286; x_wconf 72' lang='lat' dir='ltr'>archipresbyter</span> 
     </span>
     <span class='ocr_line' id='line_1_106' title="bbox 1098 2287 1843 2333; baseline -0.004 -8"><span class='ocrx_word' id='word_1_497' title='bbox 1098 2292 1137 2325; x_wconf 89' lang='lat' dir='ltr'>de</span> <span class='ocrx_word' id='word_1_498' title='bbox 1173 2291 1339 2333; x_wconf 71' lang='lat' dir='ltr'>Archiaco,</span> <span class='ocrx_word' id='word_1_499' title='bbox 1378 2289 1559 2324; x_wconf 61' lang='lat' dir='ltr'>Bernarslus</span> <span class='ocrx_word' id='word_1_500' title='bbox 1584 2287 1679 2323; x_wconf 87' lang='lat' dir='ltr'>abbas</span> <span class='ocrx_word' id='word_1_501' title='bbox 1697 2287 1843 2330; x_wconf 74' lang='lat' dir='ltr'>Nantolii‚</span> 
     </span>
     <span class='ocr_line' id='line_1_107' title="bbox 1099 2336 1844 2386; baseline -0.004 -13"><span class='ocrx_word' id='word_1_502' title='bbox 1099 2341 1247 2386; x_wconf 72' lang='lat' dir='ltr'>magister</span> <span class='ocrx_word' id='word_1_503' title='bbox 1280 2339 1435 2374; x_wconf 86' lang='lat' dir='ltr'>Henricus</span> <span class='ocrx_word' id='word_1_504' title='bbox 1470 2338 1577 2373; x_wconf 76' lang='lat' dir='ltr'>dotnni</span> <span class='ocrx_word' id='word_1_505' title='bbox 1612 2336 1734 2372; x_wconf 88' lang='lat' dir='ltr'>abbatis</span> <span class='ocrx_word' id='word_1_506' title='bbox 1765 2336 1844 2371; x_wconf 91' lang='lat' dir='ltr'>Clu-</span> 
     </span>
     <span class='ocr_line' id='line_1_108' title="bbox 1100 2385 1844 2435; baseline -0.005 -12"><span class='ocrx_word' id='word_1_507' title='bbox 1100 2390 1256 2424; x_wconf 86' lang='lat' dir='ltr'>niacensis</span> <span class='ocrx_word' id='word_1_508' title='bbox 1273 2390 1388 2426; x_wconf 79' lang='lat' dir='ltr'>socius,</span> <span class='ocrx_word' id='word_1_509' title='bbox 1412 2390 1575 2435; x_wconf 64' lang='lat' dir='ltr'>siguinus,</span> <span class='ocrx_word' id='word_1_510' title='bbox 1592 2385 1750 2421; x_wconf 84' lang='lat' dir='ltr'>Robertus</span> <span class='ocrx_word' id='word_1_511' title='bbox 1763 2388 1844 2420; x_wconf 85' lang='lat' dir='ltr'>eius-</span> 
     </span>
     <span class='ocr_line' id='line_1_109' title="bbox 1098 2435 1843 2481; baseline -0.003 -10"><span class='ocrx_word' id='word_1_512' title='bbox 1098 2438 1169 2473; x_wconf 88' lang='lat' dir='ltr'>dem</span> <span class='ocrx_word' id='word_1_513' title='bbox 1192 2438 1312 2474; x_wconf 65' lang='lat' dir='ltr'>abbatis</span> <span class='ocrx_word' id='word_1_514' title='bbox 1353 2441 1502 2481; x_wconf 77' lang='lat' dir='ltr'>notarius,</span> <span class='ocrx_word' id='word_1_515' title='bbox 1542 2436 1647 2471; x_wconf 78' lang='lat' dir='ltr'>Helias</span> <span class='ocrx_word' id='word_1_516' title='bbox 1680 2437 1720 2470; x_wconf 90' lang='lat' dir='ltr'>de</span> <span class='ocrx_word' id='word_1_517' title='bbox 1753 2435 1843 2476; x_wconf 87' lang='lat' dir='ltr'>Fors,</span> 
     </span>
     <span class='ocr_line' id='line_1_110' title="bbox 1099 2483 1843 2533; baseline -0.003 -12"><span class='ocrx_word' id='word_1_518' title='bbox 1099 2490 1246 2533; x_wconf 79' lang='lat' dir='ltr'>magister</span> <span class='ocrx_word' id='word_1_519' title='bbox 1273 2483 1459 2528; x_wconf 67' lang='lat' dir='ltr'>Columbus,</span> <span class='ocrx_word' id='word_1_520' title='bbox 1488 2486 1657 2520; x_wconf 58' lang='lat' dir='ltr'>Dat-annus</span> <span class='ocrx_word' id='word_1_521' title='bbox 1690 2483 1843 2519; x_wconf 85' lang='lat' dir='ltr'>Cambar-</span> 
     </span>
     <span class='ocr_line' id='line_1_111' title="bbox 1099 2533 1842 2584; baseline -0.003 -14"><span class='ocrx_word' id='word_1_522' title='bbox 1099 2537 1220 2582; x_wconf 80' lang='lat' dir='ltr'>langus,</span> <span class='ocrx_word' id='word_1_523' title='bbox 1243 2537 1334 2584; x_wconf 81' lang='lat' dir='ltr'>Hugo</span> <span class='ocrx_word' id='word_1_524' title='bbox 1356 2537 1582 2575; x_wconf 76' lang='lat' dir='ltr'>Manescatcus,</span> <span class='ocrx_word' id='word_1_525' title='bbox 1610 2533 1767 2569; x_wconf 83' lang='lat' dir='ltr'>Robeitus</span> <span class='ocrx_word' id='word_1_526' title='bbox 1793 2546 1842 2568; x_wconf 84' lang='lat' dir='ltr'>sa-</span> 
     </span>
    </p>
   </div>
   <div class='ocr_carea' id='block_1_25' title="bbox 311 2580 1603 2632">
    <p class='ocr_par' dir='ltr' id='par_1_25' title="bbox 311 2580 1603 2632">
     <span class='ocr_line' id='line_1_112' title="bbox 311 2580 1603 2632; baseline 0.005 -20"><span class='ocrx_word' id='word_1_527' title='bbox 311 2580 396 2614; x_wconf 81' lang='lat' dir='ltr'>laicis</span> <span class='ocrx_word' id='word_1_528' title='bbox 414 2592 558 2616; x_wconf 78' lang='lat' dir='ltr'>revocare</span> <span class='ocrx_word' id='word_1_529' title='bbox 574 2586 727 2629; x_wconf 74' lang='lat' dir='ltr'>poteritis,</span> <span class='ocrx_word' id='word_1_530' title='bbox 742 2596 806 2618; x_wconf 84' lang='lat' dir='ltr'>sive</span> <span class='ocrx_word' id='word_1_531' title='bbox 821 2584 1056 2630; x_wconf 77' lang='lat' dir='ltr'>donationibus,</span> <span class='ocrx_word' id='word_1_532' title='bbox 1097 2585 1207 2620; x_wconf 78' lang='lat' dir='ltr'>certios</span> <span class='ocrx_word' id='word_1_533' title='bbox 1234 2600 1287 2632; x_wconf 84' lang='lat' dir='ltr'>qui</span> <span class='ocrx_word' id='word_1_534' title='bbox 1310 2588 1447 2622; x_wconf 80' lang='lat' dir='ltr'>chartam</span> <span class='ocrx_word' id='word_1_535' title='bbox 1470 2595 1603 2631; x_wconf 80' lang='lat' dir='ltr'>scripsit.</span> 
     </span>
    </p>
   </div>
   <div class='ocr_carea' id='block_1_26' title="bbox 309 2629 1056 2673">
    <p class='ocr_par' dir='ltr' id='par_1_26' title="bbox 309 2629 1056 2673">
     <span class='ocr_line' id='line_1_113' title="bbox 309 2629 1056 2673; baseline 0.011 -12"><span class='ocrx_word' id='word_1_536' title='bbox 309 2629 372 2662; x_wconf 85' lang='lat' dir='ltr'>sive</span> <span class='ocrx_word' id='word_1_537' title='bbox 388 2631 660 2673; x_wconf 81' lang='lat' dir='ltr'>transactionibus,</span> <span class='ocrx_word' id='word_1_538' title='bbox 675 2645 739 2667; x_wconf 71' lang='lat' dir='ltr'>sive</span> <span class='ocrx_word' id='word_1_539' title='bbox 756 2635 1056 2670; x_wconf 61' lang='lat' dir='ltr'>commui-«tionibus</span> 
     </span>
    </p>
   </div>
   <div class='ocr_carea' id='block_1_27' title="bbox 1146 2633 1841 2682">
    <p class='ocr_par' dir='ltr' id='par_1_27' title="bbox 1146 2633 1841 2682">
     <span class='ocr_line' id='line_1_114' title="bbox 1146 2633 1841 2682; baseline -0.003 -14"><span class='ocrx_word' id='word_1_540' title='bbox 1146 2634 1229 2669; x_wconf 75' lang='lat' dir='ltr'>Nulli</span> <span class='ocrx_word' id='word_1_541' title='bbox 1264 2648 1338 2682; x_wconf 82' lang='lat' dir='ltr'>ergo</span> <span class='ocrx_word' id='word_1_542' title='bbox 1377 2638 1505 2671; x_wconf 86' lang='lat' dir='ltr'>omnino</span> <span class='ocrx_word' id='word_1_543' title='bbox 1547 2634 1712 2669; x_wconf 88' lang='lat' dir='ltr'>hominum</span> <span class='ocrx_word' id='word_1_544' title='bbox 1752 2633 1841 2668; x_wconf 83' lang='lat' dir='ltr'>liceat</span> 
     </span>
    </p>
   </div>
   <div class='ocr_carea' id='block_1_28' title="bbox 1861 279 2041 306">
    <p class='ocr_par' dir='ltr' id='par_1_28' title="bbox 1861 279 2041 306">
     <span class='ocr_line' id='line_1_115' title="bbox 1861 279 2041 306; baseline 0.006 -1"><span class='ocrx_word' id='word_1_545' title='bbox 1861 280 1910 305; x_wconf 75' lang='lat' dir='ltr'>Au.</span> <span class='ocrx_word' id='word_1_546' title='bbox 1928 279 1955 305; x_wconf 90' lang='lat' dir='ltr'>C.</span> <span class='ocrx_word' id='word_1_547' title='bbox 1978 279 2041 306; x_wconf 79' lang='grc' dir='ltr'>Η86</span> 
     </span>
    </p>
   </div>
   <div class='ocr_carea' id='block_1_29' title="bbox 1860 1773 2042 1917">
    <p class='ocr_par' dir='ltr' id='par_1_29' title="bbox 1860 1773 2042 1917">
     <span class='ocr_line' id='line_1_116' title="bbox 1872 1773 2042 1795; baseline 0.006 -1"><span class='ocrx_word' id='word_1_548' title='bbox 1872 1773 1924 1795; x_wconf 73' lang='lat' dir='ltr'>Data</span> <span class='ocrx_word' id='word_1_549' title='bbox 1947 1774 1972 1795; x_wconf 75' lang='lat'>19</span> <span class='ocrx_word' id='word_1_550' title='bbox 1997 1774 2042 1795; x_wconf 84' lang='lat' dir='ltr'>iullt</span> 
     </span>
     <span class='ocr_line' id='line_1_117' title="bbox 1860 1804 2042 1826; baseline 0 -1"><span class='ocrx_word' id='word_1_551' title='bbox 1860 1810 1915 1825; x_wconf 79' lang='lat' dir='ltr'>anuo</span> <span class='ocrx_word' id='word_1_552' title='bbox 1961 1804 2042 1826; x_wconf 82' lang='lat' dir='ltr'>Domini</span> 
     </span>
     <span class='ocr_line' id='line_1_118' title="bbox 1861 1835 2042 1856; baseline 0.006 -1"><span class='ocrx_word' id='word_1_553' title='bbox 1861 1835 1912 1856; x_wconf 77' lang='lat'>1182</span> <span class='ocrx_word' id='word_1_554' title='bbox 1941 1836 1977 1856; x_wconf 77' lang='lat' dir='ltr'>snb</span> <span class='ocrx_word' id='word_1_555' title='bbox 2000 1835 2042 1856; x_wconf 81' lang='lat' dir='ltr'>llo-</span> 
     </span>
     <span class='ocr_line' id='line_1_119' title="bbox 1861 1866 2041 1886; baseline 0 0"><span class='ocrx_word' id='word_1_556' title='bbox 1861 1872 1921 1886; x_wconf 76' lang='lat' dir='ltr'>mano</span> <span class='ocrx_word' id='word_1_557' title='bbox 1939 1866 2041 1886; x_wconf 64' lang='lat' dir='ltr'>Panna-e</span> 
     </span>
     <span class='ocr_line' id='line_1_120' title="bbox 1861 1895 1964 1917; baseline 0.01 -1"><span class='ocrx_word' id='word_1_558' title='bbox 1861 1895 1923 1917; x_wconf 81' lang='lat' dir='ltr'>Lucio</span> <span class='ocrx_word' id='word_1_559' title='bbox 1939 1896 1964 1917; x_wconf 89' lang='lat' dir='ltr'>ll.</span> 
     </span>
    </p>
   </div>
   <div class='ocr_carea' id='block_1_30' title="bbox 1859 2110 2042 2193">
    <p class='ocr_par' dir='ltr' id='par_1_30' title="bbox 1859 2110 2042 2193">
     <span class='ocr_line' id='line_1_121' title="bbox 1872 2110 2042 2132; baseline 0.006 -1"><span class='ocrx_word' id='word_1_560' title='bbox 1872 2110 1959 2132; x_wconf 61' lang='lat' dir='ltr'>Nomina</span> <span class='ocrx_word' id='word_1_561' title='bbox 2007 2116 2042 2132; x_wconf 85' lang='lat' dir='ltr'>te-</span> 
     </span>
     <span class='ocr_line' id='line_1_122' title="bbox 1859 2142 2040 2167; baseline 0.006 -6"><span class='ocrx_word' id='word_1_562' title='bbox 1859 2143 1920 2161; x_wconf 77' lang='lat' dir='ltr'>stium</span> <span class='ocrx_word' id='word_1_563' title='bbox 1943 2142 1977 2167; x_wconf 83' lang='lat' dir='ltr'>qui</span> <span class='ocrx_word' id='word_1_564' title='bbox 2004 2143 2040 2162; x_wconf 72' lang='lat' dir='ltr'>ud-</span> 
     </span>
     <span class='ocr_line' id='line_1_123' title="bbox 1859 2173 1949 2193; baseline 0.022 -2"><span class='ocrx_word' id='word_1_565' title='bbox 1859 2173 1949 2193; x_wconf 75' lang='lat' dir='ltr'>[uerunt.</span> 
     </span>
    </p>
   </div>
  </div>
 </body>
</html>
