2129 3223
117 254 165 277 An.
182 251 210 278 C.
234 253 298 278 t209

141 578 161 596 Α·
168 578 228 597 Menai
236 585 267 598 um

179 609 221 629 iaus

117 2158 175 2180 Hanc
211 2158 287 2180 zeele-

105 2191 155 2210 siam
179 2189 216 2210 snb
236 2195 288 2217 pro-

104 2222 198 2241 tectione
230 2221 287 2241 reei-

105 2252 131 2276 pi'
148 2250 167 2272 S,
184 2252 199 2271 Δ

362 244 432 275 ΞΞ8

312 311 484 341 innocentius
505 312 646 347 episcopus
665 319 761 342 servus
780 319 920 342 servorum
944 313 1000 346 Dei.
1014 313 1059 342 Be·

355 361 435 390 rai-do
454 360 609 390 Atheniensi
632 361 843 399 archiepiscopo,
867 363 978 399 eiusque
997 369 1059 391 suc-

355 410 508 440 cessoribus
526 410 652 440 canonice
682 411 893 445 substituendis,
912 414 940 443 in
963 419 1056 448 perpe·

354 460 443 492 tunm.

359 527 532 574 Antiquam
555 528 761 563 Atheniensis
772 529 903 576 gloriam
922 530 1057 565 civitatis

311 578 469 612 innovatio
495 578 613 624 gratiae
646 591 707 613 non
748 580 864 625 patitur
889 579 1056 627 antiquari,

309 639 389 673 quae·
412 627 501 674 quasi
525 627 695 662 modernae
722 628 883 674 religionis
904 629 1002 675 figura
1026 630 1054 663 in

310 676 406 721 prima
420 677 489 711 eius
517 676 699 712 fundatione
721 678 917 725 praeluserit,
936 678 1055 713 cultum

308 738 402 771 quem
444 725 544 760 tribus
587 727 733 762 distincta
777 727 916 772 partibus
956 728 1056 763 tribus

309 775 395 810 falsis
422 776 606 811 numinibus
628 776 842 822 impendebat,
869 777 928 811 sub
956 777 1055 812 tribus

307 825 434 859 demum
464 826 607 871 personis
629 837 699 872 erga
733 839 837 861 veram
869 836 899 862 et
942 827 1055 861 indivi-

306 874 398 908 duam
408 873 595 909 Trinitatem
608 877 772 919 convertit,
783 877 951 924 studioque
966 889 1056 911 mun·

306 923 404 958 danae
425 925 575 959 scientiae
595 925 626 959 in
655 925 779 959 divinae
801 927 971 971 sapientiae
997 925 1055 961 de-

305 973 455 1008 siderium
490 975 667 1013 immutato,
702 987 804 1009 arcem
829 975 1054 1010 famosissimae

307 1021 440 1057 Palladis
469 1023 498 1057 in
533 1023 639 1058 sedem
678 1024 857 1060 humiliavit
893 1024 1054 1071 gloriosis-

305 1073 402 1107 simae
429 1071 600 1108 Genitricis
626 1074 691 1107 veri
720 1073 777 1109 Dei
802 1086 886 1109 nunc
913 1082 1054 1109 assecuta

307 1123 459 1163 notitiam,
485 1134 566 1170 quae
589 1122 709 1157 dudum
734 1124 841 1170 ignoto
875 1132 1055 1160 extruxerat

304 1171 371 1205 Deo
393 1184 488 1206 aram.
511 1170 628 1207 Civitas
654 1172 781 1219 quidem
810 1175 876 1221 ipsa
904 1174 1052 1221 praeclari

305 1221 453 1264 nominis,
474 1233 510 1256 ac
533 1222 660 1267 perfecti
698 1222 821 1258 decoris
853 1223 1054 1270 philosophi·

304 1282 370 1304 cam
394 1271 482 1317 prius
516 1279 613 1306 artem
641 1271 800 1311 erudiens,
836 1282 866 1308 et
904 1273 933 1307 in
973 1285 1052 1320 apo-

306 1320 414 1355 stolica
437 1321 497 1355 fide
519 1321 722 1366 postmodum
750 1322 884 1366 erudita,
918 1322 993 1357 dum
1022 1330 1052 1357 et

304 1377 411 1414 poetas
436 1369 549 1405 litteris
570 1370 702 1410 imbuit,
723 1379 753 1405 et
787 1372 955 1417 prophetas
989 1371 1052 1405 de-

304 1430 389 1452 mum
417 1430 458 1453 ex
478 1419 589 1453 litteris
612 1419 774 1457 intellexit.
793 1420 873 1455 dicta
892 1429 938 1455 est
954 1429 1052 1454 mater

303 1467 429 1511 artium,
451 1475 482 1503 et
508 1476 615 1503 vocata
638 1469 747 1504 civitas
764 1469 945 1505 litterarum.
963 1469 1052 1504 Hanc

303 1524 421 1556 autem,
448 1518 472 1552 si
497 1517 630 1552 velimus
658 1518 866 1564 interpretans
893 1519 922 1553 in
951 1519 1051 1554 inter-

304 1574 460 1611 pretatum
483 1576 677 1610 convertere,
705 1567 951 1615 cariathsepher
978 1581 1051 1615 pos-

303 1628 415 1651 sumus
445 1616 613 1663 appellare,
647 1629 741 1664 quam
784 1618 854 1664 quia
898 1617 1049 1653 Othoniel

302 1665 435 1711 imperio
456 1665 559 1713 Culep
581 1665 735 1707 subdidit,
775 1667 836 1701 filia
876 1669 943 1702 eius
983 1668 1048 1702 Axa

302 1714 372 1748 data
398 1715 429 1749 in
451 1716 617 1762 coniugem
645 1715 687 1750 illi
711 1716 777 1750 fuit.
807 1716 939 1751 Subdita
976 1729 1049 1763 ergo

302 1763 380 1808 Deo,
412 1765 600 1800 venerabilis
635 1765 665 1799 in
705 1765 830 1801 Christo
867 1766 961 1801 frater
998 1779 1050 1801 ar-

302 1813 500 1861 chiepiscope
517 1843 524 1852 ,
568 1814 625 1849 hac
672 1816 801 1861 egregia·
844 1816 980 1853 civitate.
1018 1824 1049 1851 ut

302 1864 403 1910 ipsam
438 1864 467 1898 in
515 1865 584 1899 eius
626 1865 821 1899 subiectione
869 1878 1049 1907 conserves,

301 1924 448 1959 sponsam
479 1913 509 1947 in
543 1926 577 1948 ea
617 1913 671 1948 tibi
711 1915 863 1961 spirituali
900 1916 1049 1963 coniugio

301 1961 467 2009 copulasti,
489 1975 581 2009 quam
605 1964 703 1998 instar
726 1964 810 1998 Axae
832 1966 927 2000 veluti
968 1978 983 2000 a
1020 1974 1050 2001 te

301 2012 450 2046 monitam
480 2013 692 2047 intelleximus
727 2015 914 2061 suspirando
949 2015 1050 2062 depo—

302 2072 400 2099 scere,
430 2070 461 2095 ut
483 2063 601 2097 arentia
628 2075 682 2097 sua
724 2063 914 2110 apostolicae
953 2066 1050 2099 bene-

301 2110 448 2146 dictionis
473 2113 597 2161 irriguis
622 2112 806 2158 perfundere
834 2114 1047 2159 dignaremur.

300 2159 366 2195 Nos
398 2161 492 2207 igitur
528 2173 588 2197 non
619 2163 830 2209 incongruum
870 2172 1050 2210 reputantes

302 2210 406 2244 minus
427 2210 501 2246 illuc
533 2211 695 2258 apostolici
729 2213 893 2259 patrocinii
930 2212 1049 2248 littera-

304 2260 380 2294 torie
401 2260 569 2299 destinare„
611 2262 694 2296 unde
736 2263 856 2307 copiam
899 2263 1049 2298 scientiae

303 2309 444 2344 litteralis
472 2311 500 2344 in
531 2310 638 2346 orbem
664 2323 743 2357 pene
771 2320 869 2347 totum
905 2312 1050 2347 novimus

302 2357 470 2396 effluxisse,
492 2360 581 2394 iustis
600 2361 866 2407 postulationihus
878 2362 1049 2397 clementer

301 2413 481 2456 annuimus,
516 2421 544 2447 et
580 2413 806 2450 Atheniensem
847 2415 1020 2451 Ecclesiam
1041 2443 1048 2455 ,

301 2466 351 2498 cui
375 2465 494 2501 favente
517 2466 584 2501 Deo
612 2479 744 2514 praeessc
764 2469 952 2513 dinosceris,
991 2468 1049 2504 sub

302 2519 381 2554 beati
415 2520 497 2555 Petri
521 2529 551 2555 et
579 2529 681 2556 nostra
711 2524 905 2569 protectione
940 2523 1048 2558 susci·=³

304 2573 417 2618 pimus,
454 2587 489 2609 ac
526 2575 700 2622 praesentis
739 2575 846 2622 scripti
888 2577 1048 2624 privilegio

301 2628 543 2663 communimus:
568 2638 749 2671 statuentes,
770 2638 802 2664 ut
833 2642 1048 2680 quascumque

1067 2655 1072 2669 i

1063 2674 1073 2693 t

886 255 1072 278 BCLLAtttml
1097 255 1256 278 ROMANUM

1101 310 1328 354 possessiones,
1357 322 1575 358 quaecumque
1618 309 1700 345 bona
1739 310 1850 347 eadem

1100 358 1240 394 Ecclesia
1264 359 1293 393 in
1319 360 1565 406 praesentiarum
1600 360 1680 395 iuste
1720 372 1757 396 ac
1791 373 1850 396 ca-

1099 408 1212 444 nonice
1237 408 1386 455 possidet,
1413 417 1467 445 aut
1495 409 1524 444 in
1550 409 1688 446 futurum
1717 422 1849 445 conces-

1077 458 1185 500 fsione
1213 458 1413 500 Pontificum,
1447 459 1612 506 largitione
1652 472 1756 495 rerum
1801 460 1848 495 vel

1076 504 1079 550 ξ
1098 507 1292 555 principum,
1306 508 1462 544 oblatione
1477 508 1628 549 fidelium,
1642 521 1696 545 seu
1719 510 1788 545 aliis
1807 510 1847 545 iu-

1098 557 1153 591 stis
1169 557 1269 592 modis
1284 566 1460 605 praestante
1487 558 1623 595 Domino
1645 559 1759 606 poterit
1779 559 1849 595 adi-

1099 607 1188 652 pisci,
1213 607 1299 642 h'rma
1322 607 1376 643 tibi
1399 608 1525 655 tuisque
1550 608 1798 654 successorihus,
1817 618 1849 645 et

1866 256 1915 284 An.
1933 255 1960 283 C.
1980 256 2047 284 ¹20⁹
2087 233 2091 236 ι

1870 476 1936 505 Eique
1941 477 1997 499 lion
2003 484 2046 500 οι-
2093 496 2097 500 .

1862 509 1897 529 ui·
1925 509 2045 530 cosumus:

1097 656 1209 692 illibata
1221 665 1433 704 permaneant.
1449 657 1482 691 ln
1499 657 1616 704 quibus
1627 657 1705 694 haec
1714 660 1851 706 propriis
1874 669 1966 698 Quorum
1989 677 2046 692 non-

1097 706 1244 742 ‹luximus
1276 707 1437 742 vocabulis
1464 707 1681 754 exprimenda.
1725 707 1849 744 Casalia

1096 755 1323 800 procovenico,
1350 756 1510 804 Vertipos,
1548 756 1699 801 Triclini,
1725 757 1848 803 Platan,

1095 804 1199 849 Felio,
1214 805 1486 846 Curiomonaster,
1502 804 1849 852 Cassas,Menidi,Du-

1095 854 1232 899 cheleos,
1243 854 1393 895 Calixtes,
1404 855 1608 897 perseconar,
1618 855 1847 904 Catraperseta,

1095 903 1319 944 clazazundas,
1352 905 1594 947 Chandcbride,
1630 905 1848 951 Alianastasis,

1096 953 1266 992 pothamo,
1305 953 1412 1001 Pirgo,
1440 954 1503 998 Hu,
1524 954 1678 995 Marcton,
1706 956 1847 1002 Oai-gite,

1097 1002 1249 1050 Largedo,
1271 1003 1463 1044 Lalaconitc,
1484 1003 1584 1048 Vatia,
1608 1004 1748 1047 Literne,
1767 1005 1848 1041 Mor-

1096 1059 1151 1087 tar.
1180 1052 1393 1100 Episcopatus
1414 1066 1541 1102 quoque
1562 1054 1693 1090 inferius
1719 1064 1846 1091 annota-

1096 1109 1142 1136 tos
1165 1101 1327 1138 Ecclesiae
1355 1111 1426 1138 tuae
1454 1103 1494 1138 ab
1526 1103 1664 1152 antiquis
1698 1106 1847 1152 tempori-

1096 1151 1154 1186 bus
1197 1153 1428 1199 metropolitico
1470 1153 1537 1188 iure
1575 1153 1736 1189 subiectos
1778 1154 1845 1195 tibi,

1094 1202 1221 1249 tuisque
1256 1202 1494 1238 successoribus
1535 1203 1742 1239 nihilominus
1775 1216 1846 1240 con-

1095 1250 1268 1291 firmamus,
1305 1252 1449 1287 videlicet
1490 1253 1705 1299 episcopatum
1749 1252 1845 1301 Agri-

1095 1301 1209 1346 pontiS.
1253 1301 1550 1347 Cermopilensem,

1094 1349 1340 1392 Abelonensem,
1354 1351 1843 1396 Zorconensem,caristiensem,

1093 1397 1371 1440 Coroniacensem.
1388 1400 1600 1444 Andrensem,
1613 1401 1843 1447 Megarensem,

1092 1447 1296 1495 Squirensem
1320 1459 1351 1484 et
1373 1449 1562 1485 Chcensem.
1590 1450 1624 1485 In
1656 1450 1841 1488 Caristiensi

1092 1497 1277 1545 episcopatu
1303 1498 1366 1533 duo
1389 1500 1513 1539 casalia,
1535 1499 1756 1542 Lesboveries‚
1778 1501 1840 1538 Le-

1093 1547 1195 1593 pesin,
1229 1547 1436 1595 Leperistere,
1471 1549 1681 1597 Lamorogna,
1719 1550 1840 1587 Locari·

1093 1608 1188 1639 mera,
1217 1596 1362 1639 Lomoni,
1394 1598 1610 1639 Lochiehemi,
1642 1599 1839 1647 Lopolistile,

1092 1644 1294 1692 Cundegrat,
1334 1647 1485 1693 Lapisto,
1527 1648 1634 1684 vineas
1667 1649 1840 1695 Conizari,

1092 1695 1266 1736 Muscarel,
1292 1695 1540 1744 Catachephalar
1557 1725 1566 1742 ,
1614 1698 1838 1744 agiafronesis.

1091 1744 1346 1791 Quadringentas
1373 1746 1499 1792 palicaS,
1532 1756 1564 1782 et
1597 1747 1755 1784 ducentos
1789 1762 1843 1797 pa=

1092 1803 1178 1841 pates
1207 1803 1439 1831 commorantes
1472 1797 1615 1841 Athenis,
1648 1808 1678 1833 et
1712 1806 1839 1835 centum

1092 1843 1211 1890 palicas
1231 1844 1262 1879 in
1295 1844 1424 1885 Thebis,
1451 1856 1482 1881 et
1512 1855 1639 1882 centum
1665 1847 1695 1882 in
1732 1847 1843 1896 Nigro-

1092 1901 1195 1938 ponte.
1220 1893 1414 1934 Molendina,
1453 1896 1626 1935 ecclesias,
1664 1896 1772 1933 hortos
1809 1907 1839 1934 et

1090 1941 1213 1981 balnea,
1241 1953 1271 1978 et
1301 1944 1427 1979 macella
1471 1945 1510 1980 de
1544 1945 1762 1994 Nigroponte,
1808 1956 1839 1984 et

1090 1992 1284 2029 Athenarum
1304 2021 1311 2032 ,
1345 2002 1376 2028 et
1413 1994 1542 2030 flumina
1582 1996 1665 2033 unde
1699 1996 1839 2042 rigantur

1090 2041 1184 2085 horti,
1219 2041 1358 2077 abbatias
1398 2044 1506 2079 Sancti
1557 2045 1692 2086 Siriani,
1730 2045 1838 2085 Sancti

1068 2118 1071 2159 1
1089 2090 1262 2134 Michaelis,
1284 2091 1390 2128 Sancti
1414 2093 1541 2131 loannis
1555 2122 1564 2135 ,
1592 2103 1622 2130 et
1655 2094 1763 2131 Sancti
1785 2096 1838 2132 Ni-

1068 2140 1180 2180 1colai.
1203 2142 1391 2177 monasteria
1418 2142 1505 2179 Beati
1528 2143 1648 2181 Nicolai
1675 2144 1715 2180 dc
1741 2144 1837 2183 Cata-

1092 2190 1221 2234 persica.
1245 2190 1333 2226 Beati
1369 2191 1487 2228 Nicolai
1529 2193 1568 2228 de
1601 2193 1779 2235 Columnis,
1806 2205 1836 2231 ct

1090 2238 1223 2274 Sanctae
1243 2240 1360 2277 Mariae
1381 2241 1421 2276 de
1442 2241 1618 2284 Blakernis,
1649 2246 1835 2281 monasteria

1067 2285 1333 2330 iCinoloitarum,
1366 2290 1474 2327 Sancti
1515 2291 1687 2337 Prothasii,
1703 2292 1837 2330 Sanctae

1068 2333 1263 2379 'Trinitatis,
1292 2339 1398 2376 Sancti
1438 2340 1578 2389 Georgii,
1611 2341 1719 2378 Sancti
1752 2343 1836 2379 Dio-

1090 2388 1168 2434 nysii
1192 2388 1409 2436 Areopagitae,
1436 2390 1542 2428 Sancti
1564 2390 1736 2433 Theodori,
1760 2392 1840 2430 San-

1090 2445 1210 2472 ctorum
1233 2437 1367 2474 cosmat-
1389 2447 1419 2474 et
1433 2439 1590 2480 Damiani,
1612 2440 1699 2476 Beati
1714 2441 1835 2479 Nicolai

1090 2484 1128 2519 de
1151 2485 1326 2532 Ducheleo,
1348 2488 1436 2525 Beati
1466 2489 1586 2525 Nicolai
1624 2490 1663 2525 de
1697 2490 1840 2537 Menide,

1088 2533 1175 2570 Beati
1196 2536 1349 2585 Philippi,
1376 2537 1483 2575 Sancti
1504 2538 1620 2578 Lucae.
1641 2539 1749 2576 Sancti
1775 2541 1837 2578 Ge-

1067 2598 1071 2654 Ι
1089 2585 1166 2632 orgi·
1189 2585 1227 2620 de
1255 2586 1371 2631 insula,
1393 2588 1616 2624 monasterium
1635 2588 1839 2637 decopreae,

1089 2640 1119 2668 et
1139 2633 1246 2670 Sancti
1277 2635 1381 2672 Blasii.
1405 2637 1502 2672 Usum
1525 2649 1654 2686 quoque
1677 2639 1768 2687 pallei
1794 2641 1834 2676 ad

1599 1302 1817 1338 Davaliensem
1837 1332 1848 1345 ,

1862 701 1919 723 nulla
1953 703 2045 730 proprii·

1861 733 1980 755 nominihus
1995 738 2045 755 onu-

1861 766 1936 789 mont,

2092 1663 2101 1670 ²
2108 1639 2114 1650 ,.
2083 1483 2115 1630 μῆρξιγιάῖξὲῂι
2098 1440 2111 1470 7⁴⁴
2100 1379 2105 1402 ἈΛ

2094 1675 2104 1722 μαι,
