2129 3223
67 239 117 276 λῃ.
136 246 164 274 c.
183 246 250 276 mc

89 1536 219 1560 rmomtnn.

870 248 1053 273 (sumemus
1074 250 1105 272 lx
1127 249 1174 272 1³1³.

600 303 668 340 XL.

265 386 466 420 Canonizatio
491 386 599 420 Sancti
637 386 790 419 Dominici
826 387 1006 420 institutoris

310 436 427 469 ordinis
452 435 586 480 fratrum
614 436 877 475 Praedicatorum,
895 437 948 469 sub
965 447 1005 469 re·

308 485 384 528 qula
420 485 529 518 Sancti
558 486 750 530 iluyustini,
790 486 911 529 eiusque
948 486 1006 519 ad-

309 534 434 578 scriptio
454 535 487 568 in
513 535 708 579 cathaloqum
729 541 904 568 sanctorum
934 546 1006 568 con-

309 582 456 627 sessorum
470 612 479 622 ,
514 595 581 617 cum
612 585 783 629 festivitatis
820 584 1007 617 institutione

306 643 365 677 pro
382 633 431 666 dio
456 634 565 678 quinta
591 634 698 667 mensis
725 634 859 678 auqttsti.

526 711 739 743 SUMMARlUM

260 778 447 809 Prooemium.
473 795 511 801 -
533 779 559 808 1.
578 777 653 808 Deus
689 788 739 817 pro
763 778 891 808 fidelium
914 779 1006 809 salute

299 823 399 862 plures
411 828 528 854 sanctos
544 823 706 853 suscitavit.
725 840 762 845 ——-
776 822 802 852 ᾖ.
820 822 899 852 Beati
911 822 1006 853 Domi-

299 866 357 897 nici
373 867 510 906 elogium.
526 883 564 890 —
581 866 608 897 3.
631 866 779 897 Miraculis
801 867 908 897 clarus.
927 884 964 890 —
979 869 1005 898 4.

300 909 345 942 Ss.
368 911 521 950 cathalogo
540 911 728 942 adscribitur.
743 929 782 934 —
796 912 822 942 5.
842 911 911 942 Eius
930 914 1007 943 cele-

298 954 407 986 branda
444 955 584 986 festivitas
623 956 669 986 die
705 957 723 985 5
754 957 881 994 augusti.
911 973 949 979 —-
979 957 1006 987 ὃ.

298 998 480 1038 lndutgentia
511 1000 575 1030 eius
597 1000 786 1040 sepulchrum
819 1001 1006 1032 visitantibus

297 1052 448 1073 concessa.

258 1118 401 1162 Gregorius
419 1119 561 1156 opiscopus
579 1127 673 1149 servus
693 1127 832 1149 servorum
848 1121 905 1152 net,
927 1128 1005 1150 vene·

301 1168 434 1198 rabilibus
463 1169 602 1198 fratribus
620 1169 838 1205 archiepiscopis,
864 1170 1005 1207 episcopis,

303 1217 334 1246 et
367 1217 475 1246 dilectis
492 1217 558 1247 filiis
577 1218 731 1251 abbatibus.
750 1219 897 1255 prioribus,
918 1219 1005 1248 archi·

303 1264 434 1299 diaconis,
459 1267 716 1303 archipresbyteris,
742 1268 859 1300 decanis,
880 1268 910 1296 et
944 1268 1006 1297 aliis

303 1315 480 1345 Ecclcstarum
497 1316 639 1352 praelatis,
659 1317 693 1346 ad
716 1323 781 1352 quos
798 1317 913 1345 litterae
935 1317 1005 1345 istae

303 1366 482 1402 pervenerint.
507 1366 628 1395 salutem
647 1367 675 1395 et
693 1366 871 1401 apostolicam
898 1366 1004 1394 henedi-

304 1414 431 1445 ctionem.

308 1485 393 1522 Fons
413 1487 582 1533 sapientiae
609 1487 740 1522 verbum
767 1488 863 1534 patris
892 1487 1004 1523 Domi-

261 1540 322 1571 nus
333 1535 421 1571 lesus
441 1535 599 1578 Christus,
622 1538 711 1572 cuius
734 1545 841 1572 natura
868 1537 1002 1579 bonitas,

261 1597 341 1633 opus
363 1586 587 1631 misericordia,
614 1587 780 1627 redimens,
802 1594 833 1621 et
852 1599 1004 1623 renovans

260 1646 341 1683 quos
360 1636 484 1671 creavit:
501 1636 555 1683 qui
576 1636 710 1678 vineam,
733 1648 826 1683 quam
849 1636 888 1671 de
910 1637 1004 1686 AEgy-

259 1693 313 1733 pto
333 1685 499 1730 transtulit,
527 1698 625 1733 usque
640 1686 677 1720 ad
699 1687 1001 1722 consummationem

259 1734 375 1770 saeculi
403 1747 464 1770 non
482 1734 639 1783 relinquit,
660 1735 818 1782 sapienter
835 1736 921 1781 sigua
934 1749 1002 1783 pro-

261 1792 329 1830 pter
354 1784 515 1820 instabiles
538 1793 658 1819 mentes
682 1785 820 1828 innovat,
842 1793 872 1819 et
899 1787 1001 1821 mira—-

260 1833 333 1869 bilia
359 1842 465 1869 contra
483 1833 687 1868 dissidentiam
711 1834 936 1870 incredulitatis
949 1836 1003 1870 im-

262 1890 370 1918 mutat:
396 1883 472 1918 dum
499 1883 529 1917 in
561 1883 723 1918 Ecclesiae
757 1884 914 1919 nascentis
947 1897 1002 1920 ex-

261 1932 350 1968 ordio
372 1941 442 1980 post
468 1932 588 1967 obitum
622 1933 746 1981 Moysis,
789 1933 930 1969 videlicet
965 1934 1002 1969 fi-

262 1993 333 2017 nem
346 1981 435 2030 legis,
448 1994 634 2017 ascensurus
647 1995 757 2030 equos,
772 1991 803 2018 et
817 1983 845 2018 in
869 1983 1003 2030 Evange-

260 2032 374 2067 liorum
407 2031 580 2079 quadrigis,
602 2043 681 2079 quae
701 2044 771 2067 vere
786 2042 859 2069 sunt
873 2035 1001 2079 sanitas,

239 2093 333 2128 ‘arcu
355 2093 434 2117 sacri
463 2081 590 2128 eloquii,
617 2093 724 2129 quem,
749 2081 848 2118 donec
879 2083 1002 2119 Iudaeus

262 2130 488 2172 infirmaretur,
525 2131 717 2172 intenderat,
746 2139 777 2166 et
809 2132 1001 2174 iuramentis,

261 2181 385 2229 quaein
401 2180 542 2228 patribus
564 2179 654 2215 nobis
674 2181 888 2228 disposuerat,
904 2184 1002 2218 susci-

263 2230 343 2276 tatis,
354 2230 574 2266 confidentiam
585 2229 705 2265 Iericho
715 2258 722 2268 .
736 2230 864 2277 gloriam
882 2233 1001 2277 mundi,

262 2292 355 2328 quem
378 2279 615 2327 praedicationis
636 2279 759 2315 sremitu
778 2280 1002 2328 obstupefactis

261 2329 408 2376 gentibus
433 2330 560 2372 vicerat,
585 2328 771 2370 calcaturus,
797 2331 876 2365 viam
913 2332 1001 2379 equis

263 2378 329 2414 suis
350 2379 380 2414 in
403 2378 479 2414 mari
506 2378 631 2423 faceret,
653 2385 683 2413 et
708 2379 739 2413 in
761 2377 848 2414 Raab
870 2380 999 2415 salutem

262 2427 438 2464 latitudinis
457 2429 599 2475 gentium
630 2428 722 2474 signo
748 2429 893 2464 coccineo
922 2429 1002 2476 figu-

264 2485 356 2512 raret.
393 2476 427 2512 ln
470 2478 567 2525 prima
613 2476 832 2524 quadrigarum
869 2487 1002 2526 quatuor

264 2526 500 2574 egredientium,
517 2527 549 2562 in
570 2526 729 2568 Zacharia,
744 2527 783 2562 de
798 2527 899 2563 medio
921 2528 1002 2564 duo-

265 2587 333 2611 rum
365 2577 519 2612 montium
548 2589 721 2621 aereorum,
743 2577 872 2624 protulit
903 2589 1002 2625 equos

265 2624 362 2667 rufos,
381 2626 566 2674 populorum
589 2626 758 2674 principes,
771 2625 864 2662 sortes
891 2635 1000 2663 terrae.

1674 237 1744 271 485

1047 303 1108 346 Qui
1134 315 1188 351 per
1210 303 1417 339 obedientiam
1440 303 1509 339 fidei
1532 304 1599 339 Deo
1618 303 1791 348 Abraham,

1048 352 1143 400 patris
1172 353 1378 394 credentium,
1406 355 1435 389 in
1459 354 1693 389 fundamentum
1719 356 1789 389 novi

1048 402 1180 438 foederis
1201 402 1414 447 adhaerentes,
1436 403 1473 438 ad
1489 404 1578 438 ducis
1600 404 1712 445 instar,
1726 405 1791 440 tin-

1047 453 1105 487 ctis
1126 452 1165 487 de
1186 452 1296 493 Bosra,
1325 452 1354 487 id
1391 461 1449 493 est,
1485 453 1693 489 tribulationis
1727 466 1790 489 an-

1047 502 1159 548 gustia,
1181 501 1331 542 vestibus,
1358 510 1467 537 cuncta
1500 515 1574 538 suae
1608 503 1696 550 signa
1731 504 1790 538 mi-

1049 551 1130 587 litiae
1153 551 1360 591 rubricarunt,
1383 560 1416 586 ut
1444 565 1499 599 pro
1522 552 1643 587 futurae
1672 553 1789 600 gloriae

1047 601 1161 648 gaudio
1183 608 1375 647 praesentem
1398 601 1533 647 gladium
1574 614 1637 637 non
1675 603 1790 638 timen-

1049 659 1104 690 tes,
1127 650 1225 685 effecti
1249 657 1409 697 martyres,
1437 650 1527 691 idest,
1555 659 1663 694 testes,
1693 664 1788 687 novae

1048 699 1126 746 legis
1161 699 1239 734 libro
1260 698 1467 736 confessionis
1497 713 1570 734 voce
1605 700 1789 737 subscribe-

1049 757 1127 784 rent.
1145 749 1183 784 Ei
1205 748 1379 784 forinsecus
1401 750 1619 784 miraculorum
1637 751 1738 797 signis
1750 751 1787 785 ad

1048 799 1283 845 stipulationum
1313 798 1408 833 robur
1429 799 1589 846 appositis,
1615 799 1742 841 librum,
1759 808 1789 836 et

1049 848 1293 888 tabernaculum,
1321 847 1404 896 qnod
1427 848 1522 889 Deus,
1549 857 1579 883 et
1605 861 1669 884 non
1694 850 1789 886 homo

1049 898 1130 939 fixit,
1166 911 1200 932 ac
1222 898 1391 944 evangelici
1415 910 1484 934 vasa
1503 898 1687 941 ministerii,
1727 913 1788 936 nou

1049 947 1224 992 brutorum,
1261 947 1314 982 sed
1350 948 1577 983 rationabilium
1617 949 1788 986 hostiarum

1048 997 1201 1044 sanguine
1223 996 1388 1044 tingerent.
1404 996 1444 1032 Et
1467 998 1498 1033 in
1516 999 1695 1035 universam
1716 1012 1789 1047 spa-

1048 1047 1117 1082 tiosi
1142 1046 1233 1081 maris
1261 1046 1370 1081 faciem
1401 1059 1515 1094 sagena
1549 1049 1790 1095 praedicationis

1047 1108 1195 1143 expansa,
1223 1096 1458 1143 multiplicatam
1481 1110 1575 1144 super
1608 1110 1788 1137 numerum,

1047 1145 1085 1180 de
1106 1145 1239 1190 cunctis,
1261 1157 1341 1192 quae
1368 1145 1429 1180 sub
1454 1147 1542 1182 coelo
1568 1156 1653 1189 sunt,
1680 1148 1787 1183 natio—

1048 1194 1151 1235 nibus,
1173 1194 1347 1230 Ecclesiam
1375 1206 1611 1243 congregarent.

1807 248 1858 276 An.
1874 248 1902 275 C.
1919 246 1983 275 tsstsstt

1095 1247 1110 1287 ξ
1139 1248 1168 1278 t.
1196 1243 1258 1279 Sed
1281 1244 1354 1292 quia
1381 1246 1590 1294 praesumptio
1613 1248 1788 1284 multitudi-
1814 1253 1918 1279 omnm
1935 1254 1983 1274 fite*

1047 1304 1118 1327 nem
1146 1302 1176 1329 et
1202 1294 1316 1329 malitia
1338 1295 1506 1330 subsecuta
1532 1304 1579 1331 est
1599 1298 1787 1341 libertatern,

1802 1283 1850 1304 llam
1862 1282 1928 1304 salute
1940 1284 1983 1310 plu-

1802 1320 1836 1335 res
1847 1317 1931 1334 sanctos
1946 1319 1983 1335 stt-

1048 1342 1075 1376 in
1095 1342 1244 1389 quadriga
1271 1344 1408 1378 secunda
1429 1345 1488 1379 sub
1515 1346 1630 1388 colore,
1657 1348 1711 1396 qui
1738 1344 1893 1382 lu-fflffli'*

1045 1392 1193 1438 gentibus
1207 1400 1237 1427 et
1253 1393 1488 1439 poenitentibus
1501 1398 1659 1441 congruit,
1681 1410 1788 1445 eque-

1045 1450 1140 1476 strem
1171 1454 1308 1477 cuneum
1338 1442 1516 1489 deputavit,
1547 1446 1598 1492 qui
1632 1446 1670 1482 ad
1702 1448 1789 1482 clau-

1045 1491 1137 1526 strale
1159 1491 1318 1527 desertum
1341 1491 1456 1529 ductus
1483 1506 1538 1539 per
1558 1497 1703 1542 spiritum
1727 1496 1788 1532 sub

1046 1541 1115 1575 novi
1131 1540 1255 1576 Israelis
1271 1542 1376 1588 auriga
1391 1544 1588 1579 sanctissimo
1603 1546 1787 1592 Benedicto‚

1045 1591 1129 1625 velut
1156 1591 1217 1625 sub
1238 1591 1336 1627 altero
1362 1593 1520 1635 Helisaeo,
1543 1594 1596 1629 filii
1621 1596 1787 1643 propheta-

1046 1652 1125 1679 rum,
1141 1642 1319 1676 communis
1346 1643 1424 1678 vitae
1456 1644 1593 1688 bonum,
1622 1647 1786 1681 occasione

1044 1689 1257 1725 multitudinis
1279 1692 1446 1738 perditum,
1462 1694 1493 1728 in
1517 1695 1671 1730 iucundae
1693 1696 1787 1730 colia-

1045 1739 1204 1773 bitationis
1224 1748 1309 1787 grata
1331 1742 1478 1778 societate
1505 1745 1650 1779 restituit.
1677 1744 1715 1779 Et
1741 1746 1786 1780 sic

1046 1789 1171 1824 unitatis
1192 1792 1325 1825 scissum
1350 1800 1413 1827 rete
1440 1793 1595 1833 reficiens,
1617 1807 1652 1830 ac
1678 1808 1733 1842 per
1750 1808 1786 1830 o-

1046 1851 1117 1887 pera
1147 1839 1279 1886 pietatis,
1300 1840 1337 1874 ad
1363 1849 1475 1877 terram
1499 1843 1675 1890 Aquilonis,
1704 1844 1795 1881 unde

1044 1901 1136 1924 omne
1158 1889 1274 1924 matum
1297 1891 1455 1936 panditur,
1479 1893 1690 1939 proficiscens,
1712 1907 1795 1931 eum-

1045 1939 1116 1974 fecit
1143 1939 1173 1973 in
1196 1939 1345 1986 ingressts
1367 1940 1529 1977 thesauros
1551 1944 1640 1985 nivis,
1662 1953 1693 1980 et
1714 1958 1786 1980 con-

1044 1988 1123 2023 tritis
1149 1989 1242 2024 corde
1264 1990 1436 2037 quiescere.
1466 1993 1519 2039 qui
1545 1992 1732 2040 dedignatur
1753 1996 1783 2030 in

1044 2050 1174 2086 corpore
1203 2040 1339 2086 peccatis
1368 2040 1493 2077 subdito
1525 2042 1675 2078 habitare.
1708 2044 1784 2080 Post

1043 2100 1124 2135 quos
1142 2089 1229 2135 quasi
1249 2089 1363 2124 lassum
1380 2100 1586 2127 renovaturus
1601 2093 1783 2138 exercituin,

1044 2150 1075 2176 et
1091 2142 1271 2178 redditurus
1288 2143 1417 2179 iubilum
1437 2152 1506 2192 post
1525 2145 1707 2185 lamentum,
1732 2159 1783 2192 ap·

1044 2196 1160 2242 plicitis
1180 2197 1218 2232 ad
1240 2197 1421 2245 quadrigam
1440 2199 1561 2233 tertiam
1584 2201 1672 2246 equis
1693 2201 1782 2246 albis,

1043 2250 1189 2286 fratribus
1230 2250 1418 2287 Cistercien..
1445 2253 1562 2288 ordinis
1591 2262 1623 2289 et
1654 2254 1779 2290 Floren.

1044 2305 1125 2339 velut
1147 2314 1305 2340 tonsarum
1327 2318 1439 2353 greges
1460 2309 1602 2353 geminae
1624 2309 1781 2346 charitatis

1045 2358 1178 2394 foetibus
1216 2358 1329 2394 uberes
1355 2360 1393 2394 de
1423 2361 1631 2407 poenitentiae
1660 2362 1781 2399 lavacro

1045 2412 1115 2447 fecit
1136 2412 1315 2457 ascendere,
1336 2412 1369 2448 S.
1387 2412 1547 2449 Bernardo
1562 2415 1656 2450 ariete
1677 2417 1780 2453 ovium

1044 2466 1074 2500 in
1109 2467 1218 2501 virtute
1244 2467 1382 2514 spiritus,
1409 2479 1469 2515 qua
1495 2480 1532 2503 ex
1564 2469 1624 2503 alto
1654 2469 1782 2507 indutus

1043 2519 1155 2560 extitit,
1177 2527 1207 2554 et
1226 2520 1257 2554 in
1278 2519 1467 2556 abundantia
1484 2522 1628 2558 frumenti
1646 2523 1780 2561 Vallium

1045 2581 1212 2620 praeeunte,
1232 2581 1265 2608 ut
1282 2583 1478 2610 transeuntes
1500 2576 1619 2612 liberati
1639 2590 1692 2624 per
1708 2591 1779 2615 eum

1044 2628 1073 2661 in
1104 2626 1283 2664 fortitudine
1305 2628 1438 2665 clament
1462 2629 1501 2665 ad
1522 2629 1702 2676 Dominum,
1730 2633 1781 2669 di-
