2129 3223
47 282 98 310 An.
116 282 145 309 C.
162 283 227 310 tt9tt

61 337 142 360 Relatio
165 345 230 361 mira—

46 370 88 391 culi
97 370 122 391 de
134 370 229 392 inclinat.

46 399 140 422 Cructnxi

91 2484 208 2509 moratum.

839 276 1056 301 COELESNNUS
1077 277 1114 298 ΙΙΙ
1138 276 1188 299 ΡΡ.

246 338 381 384 primum
403 343 434 371 et
467 333 669 382 praecipuum
706 333 878 372 invenitur,
905 329 990 378 qnod

244 397 302 433 pro
322 383 457 433 quodam
480 395 575 431 opere
606 381 840 417 misericordiae
866 380 990 416 cuidam

243 435 274 470 in
296 438 329 470 se
350 433 559 481 delinquenti,
585 440 657 467 ante
679 431 782 478 ipsum
807 432 837 465 in
860 429 991 465 modum

242 483 356 520 Crucis
383 491 558 531 prostrato,
595 480 724 529 provide
758 489 789 515 et
820 479 992 515 clementer

240 533 398 573 exhibito,
432 532 535 578 imago
561 529 734 575 Crucifixi,
766 530 794 565 ei
827 529 932 564 adhuc
961 528 990 563 in

240 581 391 619 saeculari
419 581 531 617 militia
558 579 727 621 existenti,
761 587 856 627 caput
877 578 993 614 dicitur

240 631 418 667 inclinasse.

288 679 404 716 Datum
427 679 571 715 Laterani
603 679 743 714 secundo
777 690 876 713 nonas
903 686 991 714 octo-

241 729 320 771 bris,
342 728 542 777 pontificatus
566 729 660 764 nostri
689 740 772 763 anno
794 727 895 763 tertio.

279 786 340 818 Dat.
360 786 407 817 dle
429 786 467 818 24
490 785 618 817 octobris
637 795 712 816 anno
731 785 845 816 Domini
865 785 951 822 1193,

485 829 589 869 pontif.
611 838 688 860 anno
710 837 751 861 111.

571 973 655 1009 XVI.

239 1052 441 1096 Prt'vileyium
476 1051 613 1085 Eborum
648 1051 800 1084 Ecclesiae
835 1050 991 1083 iitclultum

286 1112 377 1146 super
398 1101 529 1141 iuribus,
555 1100 746 1134 libertatibus
783 1107 836 1133 otc.
860 1100 991 1133 eiusdem

288 1150 445 1184 Ecclesiae
472 1152 535 1193 (A).

506 1222 722 1254 SUMMARtUM

238 1288 407 1322 Exordium.
420 1288 632 1320 -Ecclesiam
652 1289 728 1319 hanc
745 1289 800 1320 sub
812 1287 899 1319 Sedis
916 1289 991 1327 Apo·

259 1334 402 1372 ‘stolicae'
429 1334 611 1373 protectione
649 1333 786 1372 suscipit.
820 1349 858 1357 -
890 1332 990 1363 Eidem

277 1378 354 1409 hona
382 1377 480 1408 omnia
508 1377 672 1407 confirmat:
695 1393 733 1400 -
754 1375 834 1413 Quae
864 1376 990 1416 propriis

278 1421 449 1452 nominibus
472 1421 638 1460 exprimens
667 1424 828 1451 enumerat.
857 1436 895 1443 -
924 1419 991 1450 Pro-

278 1466 360 1498 hibet
380 1474 417 1496 ne
446 1465 690 1504 archiepiscopus
710 1465 739 1495 in
761 1464 915 1499 decanum,
944 1473 992 1495 ca·

278 1511 418 1547 nonicos,
440 1513 504 1546 etc„
526 1517 670 1539 censuras
699 1508 872 1548 promulget.
899 1525 937 1532 -m
969 1509 991 1539 A

278 1555 389 1586 decano
417 1554 642 1593 archiepiscopo
670 1557 769 1583 contra
795 1553 991 1583 consuetudi-

278 1607 345 1629 nem
366 1597 517 1629 Ecclesiae
541 1597 710 1636 homagium
737 1599 859 1628 minime
883 1598 992 1628 facien-

280 1643 360 1674 dum.
377 1659 417 1665 —
430 1642 565 1682 Capitulo
584 1642 740 1673 electionis
763 1643 896 1680 magistri
915 1642 991 1673 Hos-

279 1687 360 1727 pital.
385 1686 412 1718 S.
435 1686 513 1717 Petri
533 1688 578 1717 ius
592 1687 757 1717 confirmat.
776 1703 815 1709 -—
828 1686 993 1725 Privilegia,

280 1731 480 1762 immunitates
513 1736 563 1760 etc.
588 1731 750 1761 confirmat.
787 1748 822 1752 --
856 1730 994 1762 Prohibet

280 1785 318 1806 ne
335 1775 371 1806 ab
394 1775 628 1815 archiepiscopo,
646 1775 689 1804 vel
713 1774 748 1804 ab
768 1774 843 1810 alio,
858 1776 993 1805 canonici

280 1824 332 1850 etc.
350 1820 553 1853 molestentur„
576 1828 627 1848 seu
645 1822 811 1856 graventur.
829 1834 868 1840 --
882 1817 994 1848 Provisi

281 1863 317 1894 ab
341 1863 575 1903 archiepiscopo,
604 1862 814 1901 praesentandi
835 1863 945 1892 decano
968 1867 996 1892 et

281 1908 419 1948 capitulo.
451 1923 490 1929 —
517 1908 541 1937 A
563 1907 690 1946 receptis
724 1907 919 1936 iuramentum
950 1907 994 1935 fa-

282 1952 430 1983 ciendum.
448 1968 486 1974 —
502 1951 655 1981 Decretum
682 1951 875 1981 immunitatis
894 1961 907 1980 a
925 1960 997 1990 qua·

283 2004 409 2035 cumque
427 1995 561 2025 molestia
578 2004 629 2034 pro
646 1994 782 2024 omnibus
801 1994 830 2023 in
848 1995 996 2033 praesenti

284 2039 437 2079 privilegio
456 2038 612 2069 contentis:
631 2055 668 2060 —
690 2038 741 2068 Cui
761 2040 998 2069 excommunica-

285 2083 325 2113 tio
353 2081 525 2121 adiungitur
542 2091 594 2121 pro
614 2083 849 2113 temeratoribus.
871 2099 914 2107 ιε-
942 2082 998 2112 Pax

286 2132 314 2158 et
331 2126 499 2157 benedictio
522 2134 573 2166 pro
591 2126 664 2157 illud
687 2127 813 2158 fideliter
835 2127 996 2158 observan-

287 2171 379 2202 tibus.

247 2231 415 2263 coelestinus
425 2232 566 2269 episcopus
575 2239 671 2261 servus
680 2239 819 2263 servorum
828 2233 884 2267 Dei,
893 2233 1001 2262 dilectis

291 2281 358 2312 tntis
377 2281 477 2311 Simoni
495 2282 604 2314 decano.
642 2282 672 2310 et
711 2281 832 2318 capituto
869 2282 1001 2311 Ecclesiae

295 2331 387 2361 sancti
405 2330 480 2360 Petri
502 2329 624 2364 Eburum.
641 2337 784 2367 eorumque
803 2331 1001 2361 successoribus

295 2379 420 2410 mucules
441 2379 648 2413 substituendis,
674 2379 701 2408 in
725 2381 895 2416 perpetuum.

303 2438 385 2475 Cum
407 2437 549 2473 Romana
572 2437 725 2479 Ecclesia,
752 2439 801 2473 cui
821 2438 915 2475 dante
936 2440 1002 2475 Do-

257 2488 343 2524 mino
380 2487 622 2535 praesidemus,
657 2487 746 2524 iustis
777 2489 1000 2534 postulantium

243 2538 337 2574 ‘votis
359 2538 410 2585 pia
435 2549 560 2584 semper
587 2538 784 2572 consueverit
813 2537 1003 2585 benignitate

293 2603 332 2640 (l)
351 2602 440 2631 Edidit
458 2602 583 2634 Wilkins,
604 2602 702 2630 Concil.
729 2601 878 2631 Britanniae
904 2609 930 2631 et
952 2603 1001 2631 Hi-

257 2643 373 2677 berniae‚
395 2643 446 2671 vol.
468 2651 495 2676 A,
517 2651 573 2678 pag.
596 2644 655 2670 503.

339 2687 401 2717 Ball
430 2687 492 2713 [ἕσιν
531 2687 585 2717 Vol.
612 2687 656 2715 ΠῙ,
827 2687 864 2719 13

1687 266 1733 300 97

1034 329 1156 372 adesse,
1183 329 1314 374 (lignum
1337 338 1394 370 est,
1417 338 1447 364 ct
1465 342 1656 371 consonum,
1685 338 1717 365 ut
1739 330 1781 365 illi

1034 378 1073 413 de
1096 378 1221 423 speciali
1245 379 1313 412 eins
1339 379 1494 425 pracsidio
1524 388 1554 413 et
1589 380 1783 426 protectione

1034 427 1206 471 confidant,
1228 435 1258 462 et
1289 435 1322 462 ut
1351 429 1470 474 possint
1505 440 1539 463 ea
1562 438 1669 464 contra
1692 430 1784 463 mali-

1033 488 1167 524 gnorum
1188 477 1346 519 incursus,
1365 485 1523 524 tamquam
1539 486 1661 523 optatae
1680 477 1782 512 defen-

1033 526 1131 561 sionis
1160 525 1271 574 clypeo
1300 526 1507 572 praemuniri,
1542 539 1676 574 qnorum
1705 527 1782 562 tides

1033 582 1063 610 et
1088 575 1212 610 devotio
1230 575 1260 610 in
1286 575 1403 610 honore
1432 575 1530 621 ipsius
1552 584 1582 610 et
1609 577 1781 611 reverentia

1033 633 1119 660 certo
1141 636 1244 659 rerum
1267 625 1484 670 experimento
1512 624 1670 671 probatur.

1082 673 1270 720 Eapropter‚
1292 673 1395 708 dilecti
1414 674 1443 707 in
1460 672 1596 708 Domino
1615 673 1681 718 filii,
1694 675 1781 710 iustis

1034 723 1300 770 postulationibus
1331 723 1442 757 vestris
1469 723 1640 757 clementer
1667 725 1781 758 annni-

1033 784 1103 807 mus
1129 780 1160 807 et
1181 771 1353 806 Ecclesiam
1379 780 1522 816 vestram,
1545 772 1575 806 in
1592 784 1650 818 qna
1674 772 1781 808 divino

1032 821 1108 856 estis
1129 822 1298 868 mancipati
1317 820 1481 867 obsequio,
1503 821 1561 854 sul)
1585 820 1664 855 beati
1687 821 1781 862 Petri,

1032 879 1063 905 et
1091 879 1194 905 nostra
1219 871 1410 915 protectione
1424 870 1630 917 suscipimus,
1648 880 1674 904 ct
1699 882 1784 916 prae-

1032 919 1129 954 sentis
1173 919 1281 965 scripti
1327 919 1490 966 privilegio
1535 919 1781 954 communimus.

1033 967 1195 1003 Praeterea
1211 980 1428 1015 quascumque
1445 970 1674 1014 possessiones,
1691 981 1783 1016 qnae-

1032 1028 1168 1064 cumque
1203 1016 1285 1052 bona
1312 1018 1421 1052 eadem
1457 1016 1595 1052 Ecclesia
1626 1018 1655 1051 in
1686 1030 1781 1064 prae-

1032 1068 1204 1101 sentiarum
1229 1067 1309 1101 iuste
1331 1074 1360 1101 et
1382 1067 1533 1101 canonice
1562 1068 1779 1112 110<si‹tei‚aui

1033 1115 1064 1149 in
1093 1114 1231 1150 futurum
1261 1116 1465 1150 concessione
1493 1115 1693 1154 Pontificum,
1722 1116 1782 1151 lar-

1032 1165 1149 1210 gilione
1183 1176 1291 1210 regum
1327 1164 1373 1198 vel
1404 1165 1595 1211 principum,
1622 1164 1781 1200 oblatione

1033 1213 1185 1258 fidelium,
1207 1222 1259 1248 aut
1280 1213 1350 1248 aliis
1370 1214 1459 1248 iustis
1474 1214 1588 1255 modis,
1608 1222 1783 1260 praestante

1034 1262 1182 1303 Domino,
1206 1262 1319 1309 poterit
1341 1262 1485 1308 adipisci,
1509 1263 1595 1297 lirma
1620 1262 1707 1298 vobis
1724 1276 1782 1297 ve-

1032 1311 1169 1358 strisque
1202 1311 1457 1352 successoribus,
1495 1320 1525 1346 et
1560 1311 1675 1347 illibata
1704 1324 1781 1357 pei·-

1033 1368 1189 1395 maneant.
1227 1361 1259 1395 ln
1289 1360 1405 1405 quibus
1434 1361 1510 1394 haec
1533 1362 1667 1407 propriis
1688 1361 1782 1396 duxi-

1034 1422 1104 1444 mus
1124 1408 1328 1456 exprimenda
1351 1409 1531 1450 vocabulis,
1563 1410 1684 1446 scilicet
1718 1411 1782 1444 vil-

1034 1459 1093 1493 lam
1129 1459 1168 1493 de
1203 1458 1335 1499 naiton,
1362 1470 1433 1493 cum
1458 1461 1644 1506 pertinent..
1677 1460 1781 1495 villam

1033 1515 1141 1547 totam,
1166 1520 1236 1542 cum
1261 1508 1468 1554 pertinentiis,
1490 1508 1593 1542 villam
1617 1508 1656 1542 tle
1674 1508 1785 1544 Broth-

1033 1565 1086 1591 ton
1109 1569 1180 1591 cum
1204 1557 1347 1594 ecclesia.
1371 1556 1566 1601 molendino,
1593 1565 1622 1592 et
1636 1557 1706 1593 :iliis
1721 1571 1786 1593 om-

1035 1605 1129 1640 nibus
1167 1606 1380 1653 pertinentiis:
1415 1605 1520 1641 villam
1555 1607 1594 1641 (le
1627 1606 1785 1654 Hvtperbv

1035 1667 1106 1690 cum
1128 1655 1339 1702 pertinentiis:
1363 1663 1476 1690 terram
1500 1655 1539 1690 de
1557 1655 1699 1704 Utt‘mkhy
1714 1649 1784 1692 cnm

1037 1705 1248 1751 pertinentiis:
1275 1712 1389 1739 terram
1413 1704 1450 1738 de
1472 1704 1691 1750 Gispesmare,
1713 1718 1783 1740 cum

1038 1754 1252 1801 pertinentiis:
1281 1761 1394 1788 terram
1431 1753 1469 1787 dc
1503 1754 1677 1789 Ledesliam
1713 1767 1782 1790 cum

1038 1803 1254 1849 pertinentiis:
1287 1812 1399 1838 terram
1423 1802 1463 1837 de
1484 1802 1587 1838 Noton
1611 1816 1682 1838 cum
1709 1816 1783 1850 pera

1038 1852 1192 1886 tinentiis:
1234 1860 1345 1886 terram
1388 1852 1426 1886 de
1460 1851 1675 1899 Ckerpinbek,
1713 1865 1784 1888 cuni

1039 1900 1247 1948 pertinentiis:
1288 1901 1452 1936 ecclesiam
1497 1902 1536 1936 de
1574 1901 1679 1947 Bnrgo
1714 1915 1784 1937 cuni

1038 1950 1155 1995 capella
1178 1957 1208 1983 et
1230 1950 1380 1985 omnibus
1407 1950 1477 1985 aliis
1501 1952 1715 1997 pertinentiis:
1738 1964 1787 1986 ec=

1037 1999 1163 2033 clesiam
1188 1998 1227 2033 de
1260 1998 1382 2033 Lanum
1411 2011 1481 2033 cum
1512 2001 1693 2047 pertinent.:
1728 2013 1787 2035 ec—

1039 2047 1164 2083 clesiam
1201 2047 1240 2082 de
1277 2047 1457 2096 Lesyngton
1493 2061 1564 2083 cnm
1600 2050 1767 2095 pertinent.

1040 2097 1202 2132 ecclesiam
1231 2096 1271 2131 de
1304 2097 1558 2144 Qnetnngkebur
1592 2110 1662 2132 cum
1693 2099 1787 2144 perti-

1041 2153 1144 2180 nent.:
1173 2146 1336 2181 ecclesiam
1360 2146 1467 2181 Sancti
1490 2146 1639 2181 Iohannis
1657 2147 1693 2181 ad
1709 2147 1789 2182 Pon--

1042 2203 1102 2230 tem
1130 2194 1283 2234 Ehorum,
1318 2194 1483 2230 ecclesiam
1512 2196 1616 2229 Sancti
1640 2195 1788 2230 Iohannis

1042 2245 1070 2278 in
1093 2243 1242 2279 Marsico:
1265 2244 1430 2279 ecclesiam
1454 2245 1560 2279 Sancti
1579 2244 1738 2279 Laurentii
1758 2245 1787 2279 in

1041 2292 1225 2339 Walmegut
1247 2305 1318 2328 cum
1345 2294 1510 2339 pertinent.
1534 2293 1611 2328 infra
1633 2294 1788 2328 civitatem

1042 2351 1071 2376 et
1098 2350 1206 2383 extra,
1244 2342 1409 2376 ecclesiam
1445 2342 1552 2377 Sancti
1586 2342 1731 2378 Andreae
1758 2344 1789 2378 in

1042 2390 1326 2437 Haecmangergat:
1368 2391 1535 2426 ecclesiam
1567 2390 1601 2425 S.
1637 2391 1732 2427 Marci
1759 2392 1788 2426 in

1044 2438 1287 2487 Coyngestretffi
1316 2440 1478 2474 ecclesiam
1507 2439 1540 2475 S.
1569 2439 1684 2475 Mariae
1712 2441 1788 2476 ultra

1044 2487 1158 2524 Usam:
1192 2488 1351 2533 sexaginta
1380 2488 1496 2523 solidos
1524 2488 1562 2523 de
1592 2489 1732 2526 Manerio
1753 2490 1790 2525 dv

1046 2537 1244 2582 patrington:
1269 2537 1348 2572 dnas
1370 2550 1488 2572 marcas
1507 2540 1627 2584 argenti
1651 2539 1690 2574 de
1709 2552 1791 2574 nun-

1045 2587 1129 2620 dinis
1150 2586 1183 2620 S.
1201 2586 1283 2621 Petri
1306 2587 1344 2621 ad
1371 2586 1504 2622 Vincula
1532 2588 1563 2622 in
1590 2588 1730 2624 Eboruin
1753 2590 1791 2624 de

1046 2634 1267 2684 synodalibus,
1290 2636 1495 2683 quadraginta
1517 2637 1635 2673 solidos
1657 2638 1695 2673 ad
1722 2650 1791 2674 ma-

1798 277 1845 303 An.
1865 277 1891 305 C.
1914 277 1976 302 ¹19³

1800 684 1915 707 Ecclesiam
1926 686 1936 706 h
1946 692 1977 706 inv

1795 717 1831 738 sub
1847 716 1907 738 Sedis
1926 718 1979 744 Apo-

1795 748 1883 769 stattesc
1905 754 1974 775 proie-

1795 780 1865 800 ctione
1882 781 1969 806 suscipit

1809 979 1880 1001 Eidem
1923 980 1978 1001 bona

1797 1012 1866 1031 omnia
1900 1012 1979 1032 contn-

1797 1046 1844 1062 mut:

1807 1370 1866 1397 Quae
1889 1371 1980 1398 propriis

1795 1401 1915 1422 nominibus
1940 1407 1980 1422 cx—

1796 1433 1889 1460 primone
1925 1437 1979 1453 eunu

1797 1466 1870 1485 inerat.
