2129 3223
3 288 6 290 ·
19 272 71 305 Διὶ.
87 273 116 302 C.
135 273 202 302 ¹286

216 328 421 374 instituendo,
448 328 494 364 vel
511 328 713 369 removendo,
741 329 794 375 qui
818 341 872 375 pro
886 339 962 365 tem—

214 389 290 425 pore
311 377 415 422 fuerit,
448 385 556 413 contra
582 385 693 412 statuta
720 378 841 413 ordinis
867 381 959 414 vestri

31 432 56 456 h
83 434 201 461 wirnt-11-
213 439 247 463 se
273 427 470 475 aliquatenus
498 426 694 461 intromittat.
724 425 846 462 Crisina
872 440 960 471 vero,

15 462 154 523 fflssffu
173 471 200 487 ‘⁸'
213 475 327 512 Oleum
349 484 505 520 sanctum,
532 476 783 511 consecrationes
804 477 960 522 altarium,

212 537 268 561 seu
290 524 502 570 basilicarum,
523 524 737 560 ordinationes
752 525 891 570 fratrum,
906 528 959 573 qui

210 574 248 609 ad
270 574 398 610 ordines
419 574 535 609 suerint
557 574 773 620 promovendi,
796 587 810 608 a
834 574 960 610 dioece-

210 624 296 658 sanis
321 623 501 670 suscipietis
524 623 698 670 episcopis,
726 623 884 670 siquidem
907 636 959 659 ca-

210 672 318 708 tholici
346 672 473 713 suerint,
500 681 529 707 et
552 672 684 718 gratiani
712 681 741 708 et
765 674 960 708 communio·

210 733 282 756 nem
304 729 520 756 sacrosanctae
544 721 705 756 Romanae
731 721 823 756 Sedis
845 722 959 757 hahue-

210 771 287 811 rint,
314 779 345 806 et
366 782 401 806 ea
423 759 512 805 &obis
539 769 694 804 voluerint
715 771 782 805 sine
810 772 958 817 pravitate
979 772 981 802 ἶ

209 820 312 865 aliqua
350 819 516 859 exhibere3
562 819 700 866 alioquin
741 820 830 854 liceat
874 821 959 855 vobis

208 866 443 916 quemcumque
470 868 643 903 malueritis
670 869 856 903 catholicum
872 869 958 905 adire

209 918 393 959 antistitem,
412 918 543 963 gratiam
559 926 589 952 et
606 918 861 952 communionem
878 919 958 965 Apo-

208 967 338 1003 stolicae
365 966 459 1002 Sedis
482 966 667 1008 habentem,
694 968 746 1013 qui
771 976 875 1002 nostra
895 967 957 1003 fre-

209 1024 258 1052 tus
279 1017 474 1056 auctoritate,
497 1015 584 1050 vobis
606 1016 690 1063 quod
716 1017 877 1062 postulatis
905 1018 958 1052 im-

207 1065 334 1113 pendat.
380 1064 591 1100 Prohibemus
625 1066 774 1112 insuper,
812 1075 843 1099 ut
880 1066 957 1101 infra

207 1114 287 1151 fines
312 1114 534 1162 parochiarum
561 1122 733 1149 vestrarum
760 1115 876 1158 nullus,
890 1116 958 1151 sine

206 1175 338 1200 assensu
372 1163 633 1199 dioecesanorum
668 1163 888 1210 episcoporum
929 1173 957 1199 et

207 1221 324 1255 vestro,
350 1213 502 1260 capellam
533 1224 589 1247 seu
616 1212 786 1247 oratorium
811 1213 849 1247 de
878 1226 958 1248 noi-o

19 1072 68 1096 Ana
78 1073 193 1102 mvi'hgia.

206 1271 389 1298 construere
422 1262 551 1306 audeat,
577 1261 670 1296 salvis
696 1262 870 1308 privilegiis
892 1262 957 1296 Ro·
978 1265 979 1271 ¹

208 1323 372 1347 manorum
394 1310 596 1345 Pontificum.
625 1310 707 1345 Cum
735 1319 838 1345 autem
862 1323 959 1357 geue-

208 1361 272 1397 rale
293 1359 494 1396 interdictum
518 1367 618 1394 terrae
633 1359 736 1400 fuerit,
758 1360 847 1395 liceat
873 1360 958 1394 vobis
978 1359 979 1363 ’

208 1409 413 1445 nibilominus
434 1409 464 1443 in
490 1410 599 1444 vestris
623 1409 828 1453 eremitoriis,
856 1409 959 1443 exclu-

206 1460 250 1495 sis
276 1458 561 1494 excommunicatis
587 1465 616 1492 et
640 1457 825 1498 interdictis,
854 1458 957 1492 diviua
978 1460 979 1467 ¹

206 1508 308 1544 officia
335 1507 504 1542 celebrare.
534 1507 631 1541 Porro
665 1507 688 1540 si
724 1506 882 1554 episcopi,
910 1507 979 1542 vel'

205 1558 255 1592 atii
276 1556 489 1598 Ecclesiarum
520 1564 655 1590 rectores
680 1556 711 1590 in
735 1555 882 1591 domibus
905 1568 958 1591 ve-

205 1606 297 1651 stris,
318 1605 365 1640 vel
393 1617 543 1653 personas
571 1603 648 1639 inibi
675 1605 859 1640 constitutas
885 1617 959 1640 sus-

206 1655 380 1703 pensionis,
402 1654 750 1694 excommunicationis,
783 1655 830 1689 vel
862 1654 959 1689 inter-

206 1704 281 1740 dicti
318 1704 493 1740 sententias
532 1703 818 1750 promulgaverint,
847 1704 892 1738 vel
929 1704 958 1737 in

207 1754 421 1790 mercenarios
447 1760 586 1792 vestros,
621 1765 677 1799 pro
699 1764 736 1787 eo
757 1752 842 1800 quod
870 1752 959 1787 deci-

208 1814 286 1845 mas,
320 1802 402 1838 sicut
429 1802 548 1836 dictum
579 1810 637 1844 est,
675 1813 735 1836 non
765 1801 958 1848 persolvitis,

206 1851 276 1887 sine
309 1851 413 1898 aliqua
449 1851 616 1885 occasione
650 1862 779 1892 eorum,
806 1862 885 1896 quae
921 1850 960 1884 ab

206 1900 378 1949 apostolica
400 1899 597 1946 benignitate
620 1898 707 1933 vobis
728 1898 847 1933 indulta
870 1907 959 1942 suut,
979 1903 981 1922 ²

207 1962 262 1985 seu
296 1948 515 1984 benefactores
543 1956 662 1982 vestros
696 1960 751 1995 pro
786 1959 841 1986 eo,
875 1948 959 1994 quod

206 1999 310 2047 aliqua
346 1997 435 2032 vobis
462 1997 627 2036 beneficia,
659 1997 706 2031 rel
741 1997 890 2044 obsequia
921 1996 981 2031 ex'

207 2048 359 2083 charitate
374 2046 597 2094 praestiterint,
622 2045 668 2080 vel
690 2045 727 2080 ad
750 2045 959 2080 laborandum

207 2097 385 2132 adiuverint
409 2096 438 2130 in
461 2095 523 2130 illis
547 2094 676 2138 diebus,
708 2095 737 2128 in
765 2095 879 2142 quibus
906 2107 961 2130 vos

208 2145 358 2181 laboratis
381 2153 412 2179 et
439 2145 490 2179 alii
514 2143 682 2183 feriantur,
710 2144 851 2179 eamdem
881 2156 961 2178 sen—

208 2195 337 2230 tentiam
359 2193 558 2241 protulerint,
575 2193 687 2239 ipsam,
704 2200 861 2240 tamquam
882 2205 959 2227 con-

208 2253 254 2280 tra
282 2242 485 2291 Apostolicae
512 2240 604 2277 Sedis
639 2241 758 2276 indulta
791 2242 961 2289 prolatam,

208 2293 411 2329 decernimus
441 2290 633 2326 irritandam.
668 2291 714 2324 Ad
744 2290 821 2326 haec
848 2303 962 2335 noras,

208 2351 240 2377 et
261 2340 417 2377 indebitas
446 2340 626 2375 exactiones
655 2339 693 2374 ab
715 2339 962 2387 archiepiscopis

209 2400 240 2426 et
266 2390 445 2438 episcopis,
474 2387 703 2424 archidiaconis
729 2399 785 2422 seu
822 2389 962 2432 decanis⁷

209 2441 344 2487 aliisque
377 2438 527 2473 omnibus
562 2436 796 2477 ecclesiasticis,
823 2438 963 2472 saecula-

210 2488 338 2524 ribusve
373 2490 516 2534 personis
549 2498 565 2520 a
602 2486 690 2521 vobis
728 2497 856 2521 ommno
896 2486 962 2521 fieri

822 275 1019 299 ALEXANDER
1040 276 1074 299 lv
1095 277 1144 300 PP.

1632 271 1702 302 643

1003 332 1072 372 tati,
1103 331 1156 377 qui
1185 343 1218 366 se
1247 332 1309 367 illic
1336 333 1459 380 sepeliri
1493 333 1751 379 deliberaverint,

1004 380 1063 414 uisi
1099 379 1178 415 forte
1207 383 1490 427 excommunicati,
1525 383 1571 417 vel
1594 383 1749 418 interdicti

1002 429 1075 473 sint,
1098 430 1204 464 nullus
1226 429 1366 471 obsistat,
1394 432 1474 466 salva
1499 440 1601 466 tamen
1633 433 1748 468 iustitia

1002 477 1123 513 illarum
1140 477 1363 520 Ecclesiarum,
1386 493 1402 514 a
1419 480 1536 528 quibus
1556 490 1748 517 mortuorum

1001 538 1130 574 corpora
1157 537 1373 563 assumuntur.
1401 529 1548 565 Decimae
1574 540 1750 577 praeterea,

1001 584 1031 610 et
1059 577 1275 623 possessiones
1303 578 1341 613 ad
1377 578 1425 612 ius
1456 578 1670 614 Ecclesiarum
1702 593 1751 615 ve-

1000 634 1135 660 strarum
1159 634 1348 672 spectantes,
1371 639 1452 674 quae
1475 640 1489 661 a
1505 628 1591 662 laicis
1609 628 1750 664 detinen-

980 681 1062 721 ¹tur,
1091 674 1286 719 redimendi,
1313 684 1344 711 et
1371 676 1507 722 legitime
1531 677 1681 712 liberandi
1711 679 1749 713 dc

978 725 981 765 ἴ
1000 723 1146 759 manibus
1171 736 1294 769 eorum,
1316 733 1345 759 et
1367 725 1404 759 ad
1427 725 1594 767 Ecclesiae,
1622 726 1659 761 ad
1672 739 1749 774 quas

979 805 980 810 ,
1002 773 1173 819 pertinent,
1196 774 1382 812 revocandi,
1412 775 1508 809 libera
1535 776 1575 809 sit
1600 776 1688 810 vobis
1710 777 1749 811 de

978 836 981 874 Ι
1000 831 1104 857 nostra
1130 823 1314 858 auctoritate
1336 822 1479 858 facultas.
1508 823 1655 858 Obeunte
1679 837 1749 860 vero
1777 840 1806 863 n·
1822 847 1898 868 „nom
1914 847 1947 868 ee-

978 871 1135 916 tgeuerali
1159 872 1272 919 priore,
1301 873 1346 907 vel
1368 885 1496 908 suorum
1520 873 1661 919 quolibet
1683 887 1748 909 suc-
1763 871 1842 924 :2³⁸⁸
1858 872 1949 893 ⁹¹⁶⁰¹‘“·‘

999 932 1172 961 cessorum,
1201 921 1308 956 nullus
1335 921 1453 956 ibidem
1475 922 1614 969 qualibet
1636 923 1750 958 subre-

1000 970 1115 1016 ptionis
1142 971 1253 1005 astutia
1279 983 1334 1005 seu
1363 971 1506 1005 violentia
1530 981 1750 1018 praeponatur,

1000 1019 1057 1053 nisi
1074 1031 1167 1066 quem
1197 1019 1305 1054 fratres
1326 1020 1486 1054 communi
1517 1032 1688 1062 consensu,
1704 1022 1750 1056 vel

998 1067 1127 1102 fratrum
1166 1068 1262 1102 maior
1297 1080 1367 1115 pars
1399 1068 1520 1103 consilii
1539 1070 1685 1115 sanioris,
1706 1083 1752 1105 se-

978 1115 979 1155 ]
999 1116 1137 1151 cundum
1151 1116 1253 1151 Deum
1273 1125 1302 1151 et
1325 1116 1404 1152 beati
1422 1117 1586 1153 Benedicti
1611 1120 1749 1161 regulam

999 1173 1030 1199 et
1053 1166 1284 1201 institutionem
1306 1166 1434 1201 fratrum
1455 1166 1750 1206 SanctiGuillelini,

999 1214 1192 1262 providerint
1227 1214 1416 1261 eligendum.
1452 1215 1526 1250 Paci
1561 1228 1688 1264 quoque
1722 1226 1751 1252 et

1000 1263 1216 1310 tranquillitati
1240 1272 1357 1299 vestrae
1382 1272 1508 1311 paterna
1538 1266 1568 1299 in
1590 1274 1750 1312 posterum
1779 1271 1826 1294 200³
1858 1274 1949 1310 epu-<1²1⁸

999 1312 1210 1347 sollicitudine
1236 1314 1398 1359 providere
1434 1314 1588 1357 volentes,
1621 1316 1752 1354 auctori·
1779 1304 1937 1362 {gssffissffiiss

1001 1370 1062 1396 tate
1084 1362 1252 1408 apostolica
1272 1362 1487 1408 prohibemus,
1511 1371 1541 1397 ut
1564 1363 1641 1398 infra
1664 1364 1752 1399 clau-
1766 1365 1875 1416 ffiffifflfl
1889 1366 1952 1386 HM*

978 1413 1088 1450 {suras
1109 1410 1250 1445 locorum
1278 1419 1450 1445 vestrorum
1477 1412 1583 1446 nullus
1610 1414 1751 1459 rapinam
1827 1412 1829 1414 ’

1000 1471 1054 1494 seu
1096 1459 1211 1493 furtum
1251 1459 1352 1494 facere
1368 1486 1375 1500 ,
1423 1460 1529 1506 ignem
1573 1473 1752 1507 apponere,

1000 1508 1185 1555 sanguinem
1208 1507 1357 1549 fundere,
1380 1509 1542 1544 hominem
1568 1518 1685 1546 temere
1706 1523 1755 1546 ca-

978 1545 1085 1604 lpere,
1112 1557 1160 1591 rel
1186 1557 1378 1599 interlicere,
1409 1569 1465 1592 seu
1493 1559 1670 1594 violentiam
1698 1572 1753 1596 au-

978 1607 980 1640 t
1000 1606 1071 1641 deat
1089 1618 1247 1641 exercere.
1276 1606 1439 1642 Praeterea
1463 1619 1573 1642 omnes
1596 1608 1754 1644 libertates

978 1650 980 1687 ἶ
1000 1664 1029 1689 et
1052 1655 1265 1690 immunitates
1282 1668 1297 1689 a
1322 1656 1617 1702 praedecessoribus
1639 1661 1753 1693 nostris

978 1691 1152 1739 *Romanis
1179 1704 1387 1739 Pontificibus
1421 1705 1498 1739 loeis
1540 1706 1648 1741 restris
1675 1719 1753 1741 con-

978 1756 981 1804 (ζ
1001 1765 1120 1793 cessas,
1151 1765 1273 1787 necnon
1305 1754 1464 1788 libertates
1486 1764 1515 1788 et
1537 1756 1752 1801 exemptiones

979 1808 981 1842 ’ς
1000 1801 1206 1836 saecularium
1230 1805 1428 1837 exactionum
1445 1815 1461 1836 a
1476 1803 1602 1850 regibus
1620 1812 1649 1838 et
1674 1805 1740 1851 prin

1001 1850 1141 1896 cipibus,
1177 1850 1224 1884 vel
1255 1850 1324 1886 aliis
1357 1851 1501 1886 fidelibus
1529 1853 1747 1888 rationabiliter

1767 281 1817 307 An.
1837 279 1865 307 C.
1882 281 1948 308 ¹255

1002 1900 1088 1934 vobis
1109 1899 1255 1941 indultas,
1279 1901 1462 1935 auctoritate
1483 1901 1655 1948 apostolica
1677 1915 1750 1937 con⁶

980 1947 1181 1990 ssfirmamus,
1210 1957 1240 1983 et
1267 1950 1439 1995 praesentis
1455 1951 1561 1998 scripti
1591 1951 1754 1998 privilegio

1001 1998 1243 2033 communimus.
1270 1998 1477 2034 Decernimus
1498 2011 1589 2046 ergo,
1618 2010 1651 2034 ut
1678 2002 1753 2035 nulli
1802 2003 1918 2025 &wulst-

980 2081 982 2093 Ι
1003 2046 1132 2081 omnino
1161 2047 1326 2082 hominum
1349 2048 1441 2083 liceat
1469 2052 1622 2095 praelatas
1643 2049 1755 2085 domos

979 2099 983 2137 Ι
1004 2104 1120 2130 temere
1145 2095 1344 2142 perturbare,
1379 2107 1431 2132 aut
1453 2109 1560 2132 earum
1586 2100 1757 2145 possessio-

979 2147 983 2195 l
1004 2157 1059 2179 nes
1074 2144 1207 2189 auferre,
1230 2146 1275 2179 vel
1291 2146 1407 2181 ablatas
1429 2147 1575 2186 retinere,
1600 2148 1755 2191 minuere,

980 2200 984 2283 1
1003 2206 1057 2228 seu
1082 2194 1276 2240 quibuslibet
1302 2195 1521 2230 vexationibus
1542 2194 1680 2242 fatigare,
1699 2197 1754 2231 sed

980 2254 1111 2294 *omnia
1144 2246 1265 2288 integre
1292 2252 1517 2279 conserventur
1544 2256 1672 2285 eorum,
1701 2257 1756 2292 pro

981 2304 1138 2338 gquorum
1179 2292 1407 2338 gubernatione
1438 2302 1467 2327 et
1505 2293 1755 2328 substentatione

982 2340 983 2381 i
1005 2352 1153 2375 concessa
1181 2350 1273 2385 sunt,
1302 2342 1411 2376 usibus
1433 2342 1624 2376 omnimodis
1648 2342 1756 2388 profu-

982 2407 984 2440 3
1004 2397 1085 2429 tura,
1112 2389 1196 2424 satra
1217 2388 1311 2424 Sedis
1332 2390 1532 2436 Apostolicae
1554 2392 1756 2435 auctoritate,

981 2441 985 2487 ᾖ
1005 2447 1035 2473 et
1063 2441 1092 2472 in
1119 2437 1272 2473 Ecclesiis
1296 2438 1529 2485 parochialibus
1551 2439 1757 2475 dioecesano—

982 2492 985 2525 ἱ
1006 2499 1074 2521 runi
1098 2487 1319 2534 episcoporum
1342 2489 1491 2522 canonica
1517 2488 1647 2532 iustitia,
1669 2501 1707 2524 ac
1725 2490 1755 2524 iu

211 2537 428 2584 prohibemus.
462 2535 664 2583 Sepulturam
688 2546 814 2582 quoque
841 2536 871 2571 in
901 2535 964 2570 Ec·
982 2527 985 2569 l
1005 2538 1137 2571 decimis
1170 2536 1386 2571 moderatione
1425 2536 1551 2572 concilii
1587 2537 1755 2583 generalis.

211 2586 316 2622 clesiis
337 2587 449 2621 vestris
482 2585 613 2620 liberam
648 2596 716 2619 esse
748 2584 963 2628 concedimus,

212 2645 247 2671 ut
279 2646 388 2670 eorum
417 2635 577 2670 devotioni
606 2642 635 2669 et
664 2642 820 2668 extremae
851 2633 963 2668 volun-

982 2582 1037 2622 }Si
1073 2596 1133 2631 qua
1172 2586 1267 2631 igitur
1301 2587 1333 2621 in
1366 2593 1506 2620 tuturum
1543 2587 1757 2623 ecclesiastica

981 2631 1212 2682 {saecularisve
1236 2646 1367 2681 persona
1391 2634 1473 2671 hanc
1497 2643 1621 2671 nostrae
1644 2638 1756 2672 consti·
1783 2670 1791 2677 ,
