2129 3223
111 279 161 306 Αη.
176 279 206 307 C.
226 278 292 306 ¹¹89

127 336 235 357 immunita
238 338 264 395 lig

109 368 216 387 decretum

109 399 221 424 supradicti
226 404 233 418 s

120 676 147 697 De
172 676 289 697 abibit-se

105 706 198 728 let-itone
250 714 287 735 per

112 744 150 758 non
159 738 218 760 ictio>
255 739 287 760 te-

105 745 186 791 incude.

114 1359 162 1381 Cum
214 1360 282 1381 solitis

102 1390 224 1416 soeualibiis
234 1396 285 1412 con·

102 1421 132 1441 ιιι]
138 1420 228 1442 :ionibus

355 268 400 302 66

267 332 386 389 robate,
405 333 451 367 iel
490 340 615 367 tuorum
643 330 782 379 quolibet
818 344 1049 373 successorum

267 373 411 417 ⁰nullus
439 381 480 416 ibi
507 381 647 428 qualibet
679 381 892 429 subreptionis
925 382 1049 423 astutia,

304 443 358 465 sen
395 431 540 466 iiolentia
573 440 801 478 praeponatur,
847 431 906 467 nisi
954 443 1048 479 quem

304 479 412 516 fratres
437 493 598 516 communi
634 492 790 517 consensu
826 481 871 516 vel
920 480 1048 516 fratrum

302 541 375 576 pai-s
420 529 541 566 consilii
575 531 724 575 sanioris,
770 530 946 566 seeundum
991 530 1049 565 Dei

301 579 446 615 timorem
482 588 513 616 et
565 581 663 616 sancti
711 580 873 616 Benedicti
910 579 1048 626 regulam

301 628 466 675 elegerint·
492 629 611 665 electus
637 637 741 665 autem
763 642 780 665 a
802 629 946 664 Romano
968 628 1049 664 Pon-

301 679 383 713 tilice
405 688 617 715 consecretur.
645 678 855 714 Decernimus
890 690 975 725 ergo,
1016 687 1049 714 ut

302 727 379 763 nulli
402 730 531 765 omnino
554 729 721 764 hominum
750 730 840 764 liceat
875 728 1046 776 praefatum

301 780 523 815 monasterium
577 788 693 814 temere
745 778 948 826 perturbare,
996 786 1049 813 aut

300 829 517 885 possessiones
544 829 643 876 ipsius
675 828 814 873 anferre⁷
853 828 900 863 vel
930 827 1048 863 ablatas

300 878 445 920 retinere,
468 879 625 920 minuere,
647 891 703 913 seu
726 877 920 925 quibuslibet
954 890 1049 912 vexa-

299 927 438 964 tionibus
464 928 604 975 fatigare‚
631 928 685 963 sed
714 928 820 962 omnia
837 928 955 974 integra
978 939 1047 962 con·

299 991 464 1017 serventur
489 995 599 1018 eorum
628 994 684 1029 pro
706 993 843 1029 quorum
878 993 1048 1017 conserva-

299 1036 393 1081 tione,
419 1036 648 1084 gubernatione
672 1042 702 1070 et
723 1035 953 1070 sustentatione
976 1047 1048 1070 con-

299 1102 383 1126 cessa
406 1099 480 1125 sunt
510 1089 622 1125 usibus
656 1088 850 1124 omnimodis
871 1088 1047 1136 profutura,

298 1144 379 1179 salva
416 1144 512 1181 Sedis
550 1143 752 1191 Apostolicae
790 1143 989 1188 auctoritate,
1018 1151 1047 1178 et

298 1197 494 1234 Praenestini
517 1198 657 1246 episcopi
680 1205 830 1233 consueta
859 1197 986 1241 iustitia⁷
1015 1197 1045 1231 in

296 1251 419 1293 Pontia,
446 1252 493 1288 vel
515 1252 640 1296 Rome,
663 1252 745 1286 sicut
768 1251 798 1286 in
834 1251 1047 1286 instrumento

296 1306 535 1355 compositionis
557 1306 596 1341 de
618 1306 782 1353 utriusque
805 1305 902 1352 partis
917 1317 1046 1340 assensu

297 1360 378 1396 facto
398 1359 513 1395 exinde
539 1360 729 1395 continetur.
749 1359 782 1394 Si
806 1371 867 1406 qua
891 1359 985 1405 igitur
1016 1359 1045 1393 in

296 1414 436 1450 futurum
463 1414 675 1450 ecclesiastica
695 1424 840 1460 persona,
857 1413 922 1447 sive
937 1424 1046 1447 saecu-

297 1468 381 1509 laris,
395 1468 476 1504 hanc
490 1476 615 1504 nostrae
629 1466 864 1502 constitutionis
898 1466 1045 1513 paginam

296 1522 411 1568 sciens,
438 1531 545 1558 contra
572 1534 640 1557 eam
664 1530 781 1556 temere
818 1520 923 1555 venire
943 1527 1047 1555 tenta-

299 1577 385 1617 verit,
417 1576 558 1612 secundo
591 1576 721 1611 tertiove
759 1575 962 1615 commonita,
988 1573 1045 1608 nisi

297 1639 416 1666 reatum
439 1643 530 1667 suum
559 1642 698 1676 congrua
720 1628 933 1665 satisfactione
967 1640 1046 1663 cor-

296 1686 422 1730 rexerit,
445 1685 609 1733 potestatis
631 1684 823 1730 honorisque
860 1682 906 1717 sni
946 1691 1047 1717 careat

263 1751 271 1756 ’
296 1740 457 1787 dignitate,
477 1751 625 1787 reamque
647 1750 680 1773 se
702 1737 809 1772 divino
831 1736 948 1771 iudicio
982 1736 1047 1770 exi-

116 2401 209 2422 c‘ienien-
224 2398 263 2422 Pr.

123 2432 250 2459 subscriptio

296 1802 377 1829 stere
399 1794 438 1829 de
460 1802 635 1842 perpetrata
668 1792 829 1839 iniquitate
868 1798 1046 1836 cognoscat,

296 1856 326 1882 et
347 1859 364 1882 a
394 1848 609 1883 sacratissimo
642 1845 785 1893 Corpore
819 1852 848 1878 et
884 1843 1047 1889 Sanguine

296 1900 356 1937 Dei
382 1909 412 1937 et
434 1901 562 1937 Domini
586 1899 809 1947 Redemptoris
843 1898 940 1932 nostri
976 1896 1046 1931 Iesu

298 1955 415 1991 Christi
458 1955 560 1990 aliena
602 1955 666 1999 fiat,
707 1961 801 2001 atque
843 1953 874 1986 in
907 1960 1047 1986 extremo

299 2010 444 2045 examine
464 2010 624 2045 disti-ictae
644 2008 756 2044 ultioni
779 2006 948 2042 subiaceat.
963 2004 1048 2040 Cun-

299 2064 358 2099 ctis
378 2072 484 2099 autem
505 2063 609 2100 eidem
633 2063 700 2098 loco
723 2073 777 2097 sua
812 2061 880 2096 iura
917 2071 1047 2095 servan-

298 2117 393 2163 tibus,
412 2120 453 2152 sit
476 2130 534 2165 pax
552 2116 681 2152 Domini
705 2114 803 2150 nostri
824 2113 894 2149 Iesu
917 2112 1046 2153 Christi

298 2182 454 2221 quatenus
474 2180 506 2208 et
531 2171 582 2207 liic
613 2170 749 2206 fructum
783 2169 882 2204 bonae
915 2168 1048 2204 actionis

298 2227 484 2275 percipiant,
517 2234 548 2262 et
578 2225 660 2273 apud
695 2224 872 2260 districtum
905 2221 1046 2258 Iudicem

298 2281 436 2328 praemia
458 2287 603 2316 aeternae
625 2279 712 2327 pacis
733 2277 903 2313 inveniant.
932 2277 1045 2313 Amen.

297 2333 413 2369 Amen.
437 2336 549 2369 Amen.

347 2387 419 2423 Eoo
441 2386 597 2423 Ciuitatis
618 2385 790 2423 catholicae
812 2383 971 2421 Ecclesiae
986 2384 1047 2432 epi-

300 2451 415 2488 scopus
436 2441 623 2489 subscripsi.

347 2494 464 2530 Datum
490 2495 636 2531 Laterani
673 2507 729 2543 per
767 2505 896 2530 manum
932 2492 1047 2541 Moysis

300 2546 333 2581 S.
359 2548 398 2582 R.
422 2549 459 2584 E.
484 2549 668 2584 subdiaconi
701 2549 785 2583 vices
817 2547 938 2595 agentis
970 2559 1046 2582 can-

299 2603 428 2647 cellarii,
454 2616 498 2638 xii
523 2603 581 2638 kal.
606 2615 691 2643 maii,
729 2605 837 2637 indict.
872 2614 932 2643 vn,
965 2614 1046 2637 anno

299 2654 475 2693 dominicae
502 2658 726 2693 incarnationis
746 2668 929 2701 MCLxxxlx7
966 2668 1046 2703 pon-

879 277 1068 301 BULLARIUM
1094 276 1257 301 ROMANUM

1091 331 1226 368 tificatus
1261 343 1334 368 vero
1372 331 1491 367 domini
1524 331 1698 369 Clementis
1733 330 1836 379 Papae

1091 382 1172 417 teitii
1199 393 1282 416 anno
1303 381 1444 417 secundo
1467 384 1520 426 (1).

1142 442 1203 473 Dat
1224 443 1271 473 die
1288 442 1327 474 ΞΟ
1345 443 1447 483 aprilis
1469 452 1546 474 anno
1567 443 1682 474 Domini
1701 443 1785 480 1189,

1343 488 1444 527 pontif.
1462 497 1538 519 anno
1556 497 1585 518 ιι.

1432 639 1488 673 xi.

1164 713 1366 746 Caiionizotio
1387 713 1467 746 beati
1494 712 1615 746 Octom's
1639 712 1771 757 episcopi·

1304 762 1534 806 Bamberqensis
1561 762 1616 805 (2).

1357 834 1573 866 SUMMARIUM

1089 902 1167 933 Facti
1187 904 1279 933 series
1301 908 1330 933 et
1351 902 1506 932 enarratio.
1523 918 1562 924 —-
1580 900 1696 931 Mandat
1714 905 1746 930 ut
1767 900 1836 931 dili-

1128 948 1243 986 gentius
1262 948 1297 978 de
1320 948 1376 978 vita
1395 952 1423 977 et
1441 946 1594 977 miraculis
1616 945 1784 985 inquirant:
1799 961 1839 967 —

1127 992 1160 1021 Et
1182 992 1206 1022 si
1233 992 1307 1022 nihil
1334 991 1467 1028 obsistat,
1494 992 1590 1030 ipsum
1613 988 1758 1020 Othonem
1780 999 1836 1019 au-

1127 1036 1258 1066 ctoritate
1277 1035 1436 1076 apostolica
1456 1035 1521 1066 freti
1543 1035 1717 1065 canonizent
1733 1035 1773 1073 (a.
1786 1034 1836 1072 r.).

1088 1103 1208 1132 Clemens
1226 1102 1366 1139 episcopus
1385 1110 1480 1132 servus
1498 1109 1639 1132 sei-vorum
1653 1101 1709 1135 Dei.
1725 1106 1838 1130 venera-

1130 1152 1229 1181 bilibus
1240 1151 1378 1182 frati-ibus
1389 1151 1603 1187 merseburgensi
1621 1152 1653 1181 et
1674 1150 1838 1180 Eistettensi

1132 1201 1274 1238 episcopis,
1296 1202 1326 1231 et
1344 1200 1455 1230 dilectis
1471 1200 1538 1230 filiis
1548 1201 1642 1230 Sancti
1653 1199 1838 1230 Enimerammi

1131 1251 1331 1288 Ratlsponensi,
1358 1252 1388 1280 et
1406 1250 1607 1288 Schwartaensi
1624 1249 1770 1279 abbatibus
1791 1249 1838 1278 de-

1131 1307 1206 1334 cano.
1227 1301 1255 1329 et
1274 1299 1437 1329 scholastico
1455 1299 1696 1336 wirtziburgensi.
1721 1298 1838 1328 salutem

1131 1351 1159 1379 et
1179 1349 1359 1385 apostolicam
1377 1348 1602 1378 benedictionem.

1137 1414 1186 1448 Ad
1212 1413 1402 1448 audientiam
1434 1413 1629 1460 apostolatus
1669 1412 1765 1448 nostri
1799 1425 1836 1447 ex

1087 1463 1296 1510 quarumdam
1320 1463 1399 1497 serie
1425 1462 1585 1497 literarum
1619 1470 1648 1497 et
1687 1462 1837 1498 relatione

1088 1512 1261 1548 multorum
1289 1512 1443 1559 pervenit,
1465 1511 1549 1559 quod
1572 1511 1676 1547 divina
1699 1512 1835 1559 potentia

1088 1574 1143 1610 per
1164 1563 1273 1597 merita
1295 1570 1325 1597 et
1347 1561 1557 1597 interventum
1586 1561 1668 1596 beati
1695 1561 1836 1602 ottonis,

1088 1612 1141 1659 qui
1164 1611 1453 1658 Bambergensibus
1476 1611 1533 1646 l'uit
1558 1611 1739 1658 episcopus,
1758 1611 1837 1645 mul-

1091 1670 1151 1696 tam
1185 1669 1233 1696 est
1269 1668 1395 1708 operata
1424 1661 1569 1705 salutem,
1608 1660 1777 1708 praecipue
1805 1661 1835 1694 in

1088 1719 1179 1757 gente
1219 1710 1444 1749 Pomeranica,
1484 1709 1522 1744 ad
1566 1722 1660 1758 quani
1701 1709 1757 1744 fuit
1780 1710 1836 1744 .ab

1088 1760 1267 1807 Apostolica
1294 1759 1377 1795 Sede
1413 1759 1628 1802 transmissus,
1662 1767 1693 1795 et
1733 1760 1765 1794 in
1799 1771 1835 1794 ea

1087 1809 1303 1857 compluribus
1326 1809 1486 1844 miraculis
1525 1808 1653 1844 donavit
1687 1809 1730 1844 illi
1765 1807 1834 1843 Do-

1090 1860 1193 1894 minus
1220 1871 1397 1894 coruscare.
1427 1858 1584 1900 Quoniam
1619 1859 1714 1905 igitur
1748 1858 1832 1893 iuxta

1088 1909 1211 1944 divinae
1249 1908 1428 1955 Scripturae
1459 1908 1674 1943 testimonium
1705 1908 1834 1943 lucerna

1088 1971 1150 1994 non
1172 1959 1232 1993 sub
1254 1958 1373 1999 modio⁷
1395 1957 1449 1992 sed
1481 1969 1576 2005 super
1610 1957 1832 1995 candelabrum

1088 2016 1135 2044 est
1157 2008 1312 2054 ponenda;
1339 2006 1521 2042 discretioni
1545 2015 1664 2043 vestrae
1686 2019 1742 2055 per
1763 2018 1832 2055 apo-

1088 2057 1194 2093 stolica
1223 2057 1338 2113 scripta
1373 2056 1570 2101 mandamus,
1601 2065 1757 2104 quatenus
1795 2057 1834 2092 de

1089 2108 1147 2142 vita
1175 2107 1276 2155 ipsius
1296 2116 1327 2142 et
1350 2105 1509 2141 miraculis
1527 2106 1740 2152 diligentius
1734 2106 1834 2155 inqui-

1850 278 1899 304 ΑΒ.
1915 276 1943 304 G.
1963 277 2031 304 1189

1866 1420 1923 1442 Facti
1936 1422 2003 1442 series
2012 1424 2031 1441 et

1851 1453 1965 1473 enai-ratio.

1860 1860 1942 1882 Mandat
1957 1865 1979 1882 tit
1998 1862 2031 1882 iti—

1848 1891 1947 1918 iigentins
1954 1892 1980 1913 de
1988 1893 2032 1913 viia

1848 1925 1869 1944 et
1879 1922 1986 1944 miraculis
1996 1923 2031 1944 in—

1849 1955 1932 1982 quirant
1942 1962 1946 1974 z

1088 2157 1174 2201 ratis,
1195 2168 1275 2204 quae
1296 2155 1388 2191 nobis
1413 2154 1543 2191 fuerunt
1573 2168 1628 2204 per
1663 2156 1830 2192 multorum
1858 2184 1861 2187 .

1088 2208 1192 2243 literas
1225 2206 1371 2241 indicata.
1410 2204 1449 2240 Et
1483 2206 1510 2241 si
1553 2217 1615 2241 non
1651 2205 1832 2241 inveneritis

1087 2255 1207 2311 aliquid
1228 2255 1313 2304 quod
1335 2254 1477 2297 obsistat,
1492 2255 1596 2302 ipsum
1613 2255 1830 2291 canonizatum

1087 2305 1271 2343 auctoritate
1293 2304 1361 2340 freti
1383 2304 1556 2360 apostolica
1585 2304 1768 2340 solemniter
1800 2312 1831 2340 et

1088 2356 1213 2405 publice
1234 2355 1397 2399 nuntietis⁷
1419 2354 1665 2390 anniversarium
1683 2353 1768 2388 diem
1782 2353 1830 2389 sui

1121 2426 1160 2462 (l)
1176 2425 1214 2453 Ex
1232 2425 1279 2453 hac
1304 2428 1468 2461 caeterisque
1490 2424 1566 2452 bullis
1582 2427 1665 2460 patet,
1683 2424 1753 2452 hunc
1769 2423 1830 2452 Cle-

1087 2470 1201 2494 mentem
1218 2474 1269 2493 non
1286 2469 1421 2501 quartum,
1438 2469 1518 2501 prout
1533 2472 1593 2493 eum
1611 2468 1688 2492 vocat
1703 2464 1831 2492 annalista

1086 2507 1272 2540 mailrosensis,
1290 2506 1335 2534 sed
1347 2510 1455 2534 tei-tium
1470 2504 1670 2542 appellandum:
1687 2504 1832 2532 Guibertus

1087 2547 1226 2582 Siquidem,
1252 2555 1297 2582 qui
1323 2548 1448 2582 Gregorio
1468 2546 1514 2574 Vll
1535 2545 1649 2581 legitimo
1674 2544 1791 2572 Pontifici
1815 2552 1830 2571 a

1085 2588 1255 2615 schismaticis
1276 2589 1325 2613 ruit
1348 2585 1562 2622 superinductus,
1588 2588 1614 2612 et
1639 2585 1780 2612 Clementis
1795 2584 1829 2611 ΠΙ

1086 2635 1179 2656 nornen
1198 2630 1345 2663 usurpavit,
1358 2635 1410 2654 non
1427 2627 1505 2661 Papa,
1522 2624 1568 2652 sed
1585 2624 1754 2660 pseudopapa
1768 2623 1828 2656 fuit,

1085 2673 1110 2697 et
1130 2668 1307 2696 antichristus.
1347 2667 1387 2702 (2)
1404 2666 1442 2693 Ex
1457 2665 1558 2692 archiv.
1577 2665 1657 2692 Vatic.

1859 2302 1882 2325 8¹
1892 2305 1910 2326 ei
1924 2303 1976 2326 nihil
1989 2304 2030 2326 eb

1845 2339 1862 2355 si
1858 2335 1921 2361 'et-t,
1962 2336 2030 2362 ipsum

1844 2350 1949 2388 Othon⁷eni
1958 2369 2029 2387 eucin-
