2129 3223
126 279 176 304 Au.
198 279 227 305 C.
244 278 310 304 1195

121 594 193 607 n·rum

122 620 197 637 tainu>

163 1353 173 1364 a
189 1351 204 1364 «ι
219 1332 292 1365 αιιῠο-

109 1414 139 1426 tui
148 1407 169 1426 32
182 1384 290 1426 ‹tameturu

374 267 419 300 88

901 278 1091 301 BULLARtUM
1117 277 1208 300 Roma
1214 278 1281 300 NUM

323 332 555 367 exhortationes
595 330 679 366 illius
713 330 842 366 viriliter
887 343 923 367 ac
962 332 1072 367 devote
1114 343 1228 366 namen
1257 340 1399 378 speratos
1425 344 1487 368 non
1514 332 1553 368 sit
1584 340 1790 368 consecutum
1821 331 1863 366 ef-

324 381 451 429 [tlul'lml
474 393 508 416 SO
529 381 732 421 accinxerlnl,
754 388 784 415 el
807 388 852 416 101
869 381 898 415 ll]
921 390 1072 416 transma-

319 540 427 563 eol'um
451 529 703 575 oppugnasslium
728 541 893 564 numerum
923 541 984 563 non
1000 541 1069 563 nto-

319 626 436 661 riribus
469 627 562 661 etiam
601 626 794 674 praevalere:
831 639 893 662 non
931 626 1064 662 multum

318 685 420 712 tamen
444 676 595 723 prolicere
619 677 731 723 potuit,
751 677 797 711 vel
818 676 876 720 his,
899 676 952 723 qui
968 689 1005 711 ex
1016 677 1066 711 ad-

317 738 405 761 xerso
432 725 676 764 contendebant,
704 726 813 760 obesse
836 738 891 772 pro
913 737 962 765 eo,
985 726 1064 760 sicut

315 787 351 809 ex
378 775 490 810 effectu
518 775 610 809 datur
636 774 778 820 intelligi,
805 774 889 821 quod
913 775 1002 809 nisus
1035 784 1062 809 et

314 824 454 859 actiones
477 837 597 863 eorum,
621 824 672 871 qui
697 823 819 858 fuerant
845 823 882 858 ad
907 832 1011 870 partes
1033 824 1062 858 il

315 872 359 907 las
382 873 522 920 profecti,
545 873 682 907 Domino
699 885 754 919 pro
769 880 855 919 parte
877 885 989 919 magua
1005 873 1063 907 dis-

315 922 480 968 plicebant.
505 922 597 957 Unde
620 922 730 957 merito
752 921 884 957 aliorum
910 923 1063 968 peccami—

313 983 401 1014 uum,
429 972 500 1018 quia
523 984 584 1006 non
613 971 642 1005 in
670 970 749 1007 Deo,
777 970 831 1005 sed
858 970 977 1006 viribus
995 983 1061 1017 pro-

1113 380 1226 416 fectus:
1250 380 1375 416 Dictum
1397 389 1445 417 est
1472 382 1556 417 euim
1584 381 1656 422 illis,
1682 390 1717 416 ut
1749 381 1788 416 ab
1809 380 1860 416 ha—

137 432 164 453 ¹¹
168 438 251 453 ’ΝΜ
273 433 307 453 ¹³¹
323 443 398 466 riuis
421 429 560 478 partibus
581 429 700 465 Christi
724 429 831 466 fideles
854 438 980 477 propter
994 430 1069 465 haec
1113 429 1282 465 bitatorum
1308 430 1390 465 illins
1418 439 1518 466 terrae
1540 430 1694 477 contagiis
1721 438 1751 465 et
1774 442 1860 476 5ριιι-

123 503 162 516 M
136 467 304 523 eupiib„
320 491 413 526 saepe
448 479 563 514 suerint
596 479 797 534 congregati,
832 488 866 514 ut
899 479 1069 514 multitudo

123 533 155 552 [ι’
156 531 192 553 ·p'‹
186 534 208 547 (r
252 530 304 548 [idu-

148 564 172 576 ω’
201 557 248 608 ciii
252 563 303 609 {¹0³2}
318 577 424 612 dicum
450 576 608 613 xideretur
635 577 799 622 excedere,
825 587 854 612 et
877 577 1001 612 auxiliis
1032 590 1067 612 ac

1110 479 1192 514 citiis
1212 479 1417 519 abstinerent
1451 489 1481 514 et
1509 459 1652 514 ἰΙΙοιΊιιιιθ
1663 479 1735 514 vitia
1763 479 1860 514 imita-

1110 529 1195 563 tione
1216 529 1310 575 digna
1329 541 1390 564 non
1414 529 1578 567 ducerent,
1599 528 1773 576 quaeipsis
1791 540 1859 575 pos-

1109 577 1171 611 sint
1192 578 1334 613 accidere
1365 578 1394 612 in
1420 579 1557 612 ruinam:
1586 577 1640 613 sed
1663 578 1763 625 legem
1790 577 1858 613 Do-

1110 626 1184 661 mini
1213 628 1303 661 firmo
1326 628 1501 674 proposit0,
1537 635 1566 662 et
1592 627 1678 662 omni
1709 626 1806 662 animi
1828 636 1857 661 et

1108 675 1289 711 intentionis
1310 677 1381 711 nisu
1405 684 1574 711 servarent.
1602 675 1726 717 Quibus
1752 676 1857 723 itaque

1108 725 1251 764 monitis,
1281 725 1307 759 si
1329 725 1440 760 ἀειοιθ
1484 737 1519 760 ac
1547 725 1708 759 humiliter
1740 724 1858 760 obedi-

1105 835 1174 857 cem
1202 836 1240 857 ex
1264 823 1324 858 illis
1347 822 1456 858 decem
1479 823 1585 858 millia.
1615 822 1704 864 Quae
1730 823 1855 857 certiori

1106 872 1308 918 postmodum
1339 872 1558 919 experimento
1592 879 1756 912 noverunt,
1782 884 1855 906 cum

1105 922 1193 968 pauci
1221 921 1260 956 de
1288 921 1350 955 illis
1374 933 1517 968 magnam
1539 933 1578 956 ex
1600 920 1672 961 illis,
1695 928 1724 956 et
1747 920 1854 956 infini-

1105 978 1164 1005 tam
1189 971 1276 1017 quasi
1313 970 1549 1006 multitudinem
1585 969 1789 1010 trucidarent,
1825 979 1855 1004 et

314 1021 388 1066 priis
413 1020 623 1063 confidebant,
650 1029 680 1054 et
706 1031 768 1054 non
791 1027 856 1054 erat
877 1028 949 1053 ante
976 1020 1061 1067 ipso-
1102 1019 1176 1054 dum
1200 1019 1310 1054 detote
1333 1019 1448 1054 divinis
1470 1019 1666 1054 intenderent
1687 1019 1853 1058 mandatis,

311 1081 378 1103 rum
405 1069 517 1105 oculos
540 1069 632 1104 timor
654 1068 729 1111 Dei,
764 1080 801 1102 ex
834 1077 1083 1125 praeconcepta
1102 1080 1163 1103 non
1188 1067 1243 1102 fuit
1269 1068 1388 1112 civitas,
1414 1069 1462 1103 vel
1485 1068 1630 1108 munitio,
1657 1080 1738 1115 quae
1766 1068 1854 1115 ipso-

310 1118 456 1174 superbia
484 1130 538 1153 cor
564 1129 674 1153 eorum
709 1117 899 1164 permissum
928 1125 975 1152 est
1002 1096 1083 1152 ob-

309 1168 444 1208 scurari,
480 1167 598 1202 utalia
632 1167 762 1213 insuper
796 1174 941 1212 agerent,
980 1178 1059 1213 quae

310 1218 440 1252 minime
467 1216 688 1259 convenirent,
723 1215 867 1250 divinum
895 1223 1002 1250 contra
1026 1229 1059 1250 se

309 1266 375 1300 suis
397 1265 654 1313 perversitatibus
669 1263 823 1300 iudicium
839 1274 1056 1311 provocantes.

282 1314 424 1350 -Χειιιιη
461 1315 532 1371 quia
567 1314 685 1350 multae
717 1322 792 1348 sunt
826 1313 1059 1349 misericordiae

281 1363 454 1408 Domini,
480 1365 533 1412 qui
571 1364 627 1399 etsi
662 1362 700 1398 ad
737 1363 888 1397 malorum
919 1363 1058 1409 pertica-

307 1413 386 1447 ciam
409 1413 652 1453 retundendam,
679 1421 709 1447 et
730 1411 892 1446 subdenda
916 1414 1058 1447 cervico—

307 1475 412 1497 sorum
435 1463 602 1497 hominum
625 1462 703 1497 colla
730 1460 914 1508 disciplinae
943 1473 1056 1496 manus

306 1512 496 1559 quandoque
528 1524 602 1547 suas
634 1510 862 1546 medicinaliter
895 1520 1056 1556 aggravat,

305 1572 333 1596 et
357 1571 389 1596 ut
411 1561 509 1596 eleuet
530 1560 694 1608 opprimit,
716 1567 747 1594 et
769 1559 902 1606 percutit
924 1567 975 1593 aut
1003 1560 1056 1594 lla-

305 1611 399 1655 gellat
424 1619 459 1645 ut
481 1618 586 1651 sanet;
623 1622 647 1643 si
681 1609 717 1643 ad
746 1621 817 1642 eum
845 1620 917 1643 cum
951 1608 1055 1643 debita

307 1660 459 1694 fuerimus
482 1660 657 1694 humilitate
681 1659 793 1692 reversi
816 1665 847 1692 et
868 1656 907 1692 de
923 1658 1057 1703 peccatis

306 1709 459 1755 castigati,
485 1721 520 1743 ac
542 1709 580 1743 de
607 1707 812 1742 observandis
834 1705 992 1741 Creatoris
1019 1707 1056 1742 de

305 1767 427 1793 caetero
450 1758 553 1792 studio
585 1757 772 1792 l'·e1xentiore
807 1755 962 1790 mandatis
996 1755 1055 1790 su-

307 1820 391 1842 mum
416 1807 611 1862 propositum
635 1807 915 1860 assumpserimuS,
937 1804 1056 1851 absque

306 1856 366 1892 nlla
387 1857 561 1904 poterimus
581 1855 722 1889 haesitat
727 1867 786 1889 oue
810 1865 949 1901 sperare,
971 1853 1055 1900 quod

305 1905 483 1940 affluentius
518 1905 700 1958 gratiusque
728 1903 817 1938 nobis
849 1902 991 1946 assistet,
1026 1911 1055 1938 et

305 1955 343 1988 de
371 1954 508 1988 inimicis
543 1953 681 1988 nominis
707 1952 825 1987 Christi
850 1951 971 1999 plenam
1008 1951 1056 1986 in-

305 2003 447 2049 dutcrebit
462 2003 500 2038 de
514 2002 602 2037 coelo
626 2001 797 2042 uictoriam,
822 2001 862 2035 ita
881 1999 964 2047 qnod
990 2001 1056 2034 uni-

304 2064 406 2092 r,ersa
437 2064 518 2099 quae
541 2051 731 2086 incurrimus
756 2050 922 2096 hucusque
944 2060 1056 2094 grava-

306 2102 389 2136 mina
422 2100 570 2136 oblitioni
605 2099 767 2134 tradantur
798 2098 948 2133 omnibus
983 2110 1056 2133 con-

307 2150 404 2185 'rersis
437 2158 628 2187 retrorsum,
666 2157 696 2183 et
730 2148 838 2183 merita
870 2146 1055 2182 confusione

307 2199 481 2242 ruentibus,
504 2201 555 2246 qui
572 2198 707 2233 oderunt
727 2196 818 2241 Sion,
840 2204 870 2230 et
885 2195 1055 2242 gentilibus

307 2256 588 2295 praesumpserunt
633 2246 952 2281 contaminationibus
994 2257 1055 2280 ma-

305 2297 420 2332 culare.

355 2346 600 2382 Attendentibus
635 2354 756 2385 autem,
790 2355 825 2379 ac
851 2343 957 2378 studio
983 2342 1055 2377 dili-

215 2404 282 2455 ζῷ’]
306 2396 391 2440 genti
427 2394 656 2433 scrutantibus,
679 2394 788 2449 quales
810 2393 911 2428 minas
939 2392 1055 2439 populo

308 2445 442 2486 lsraelis,
464 2457 536 2480 cum
561 2456 598 2479 ex
622 2443 828 2490 promissione
851 2449 1054 2477 memoratam

307 2506 399 2541 supra
434 2504 546 2529 terram
584 2494 731 2532 intraret,
776 2491 880 2526 divina
919 2498 1056 2538 potestas

309 2543 431 2587 tulerit,
463 2555 524 2577 non
553 2543 612 2576 erit
638 2540 840 2576 dubitationis
874 2538 1055 2586 scrupulus,

308 2592 383 2638 quin
434 2591 615 2626 huiusmodi
659 2589 850 2644 oppositioni
899 2595 1055 2635 opponat,

307 2651 403 2687 quare
431 2648 573 2674 nostrum
612 2652 667 2686 pro
702 2639 769 2674 Deo
797 2637 974 2684 incaeptum
1008 2648 1057 2673 co-

1103 1129 1170 1152 rum
1196 1127 1300 1164 posset
1321 1117 1436 1152 evitare
1463 1129 1662 1163 congressus
1697 1117 1772 1152 vel
1767 1129 1853 1164 ipso·

1103 1179 1170 1202 rum
1193 1165 1333 1201 subtrahi
1359 1167 1524 1202 conamine
1551 1167 1668 1213 aliquo,
1703 1165 1750 1201 vel
1773 1178 1854 1201 con·

1101 1216 1172 1251 silio
1192 1223 1224 1249 et
1246 1215 1400 1262 potestati.
1435 1215 1541 1258 Quare
1572 1224 1674 1250 tamen
1701 1227 1774 1250 cum
1796 1227 1854 1250 eo-

1102 1277 1171 1300 rum
1195 1263 1265 1304 filii,
1288 1268 1341 1311 qui
1369 1263 1560 1304 Dominum.
1594 1273 1628 1300 ut
1649 1264 1692 1298 ibi
1725 1263 1852 1305 dicitur,

1100 1326 1164 1349 uon
1183 1322 1310 1357 norunt,
1325 1314 1364 1348 ab
1385 1313 1532 1357 illorum,
1566 1314 1620 1361 qui
1649 1313 1772 1348 fuerant
1792 1313 1851 1348 sibi

1101 1363 1189 1409 legali
1218 1363 1470 1410 promulgatione
1493 1363 1633 1398 iniuncta
1652 1370 1770 1398 temere
1783 1374 1853 1397 coe-

1101 1413 1218 1460 pissent
1245 1412 1463 1447 observatione
1485 1412 1630 1455 deficere,
1653 1411 1770 1446 inimici
1797 1424 1851 1446 eo-

1100 1474 1167 1496 rum
1207 1460 1358 1496 adversus
1393 1473 1447 1495 eos
1481 1474 1600 1496 euneos
1633 1461 1850 1502 obstruentes,

1099 1523 1175 1545 suae
1204 1509 1274 1544 illos
1311 1511 1468 1556 potentiae
1502 1511 1627 1557 saepius
1661 1509 1851 1556 subiugare-

1101 1568 1184 1604 tunt,
1206 1572 1287 1606 quos
1309 1560 1414 1594 denuo
1438 1572 1493 1606 per
1520 1559 1662 1593 divinum
1684 1559 1744 1593 sibi
1767 1559 1850 1593 auxi-

1099 1609 1175 1643 lium
1199 1608 1408 1654 snbegerunt,
1431 1620 1502 1643 cum
1526 1608 1565 1643 de
1586 1608 1764 1643 commissis
1794 1620 1851 1642 ex-

1097 1657 1241 1692 cessibus
1277 1658 1490 1704 poenitentes,
1525 1669 1560 1692 ac
1599 1665 1718 1692 reatum
1755 1669 1849 1692 suum

1099 1715 1379 1753 recognoscentes,
1420 1706 1582 1741 humiliter
1617 1707 1665 1753 pia
1700 1715 1774 1740 sunt
1810 1705 1848 1740 ad

1098 1755 1203 1790 Deum
1238 1756 1408 1790 devotione
1442 1756 1595 1790 conversi.
1623 1754 1708 1790 Satis
1744 1763 1848 1789 autem

1098 1805 1312 1840 indubitanter
1328 1805 1457 1851 potestis
1474 1816 1657 1851 agnoscere,
1673 1803 1758 1851 quod
1775 1815 1846 1839 cum

1097 1865 1132 1887 ex
1157 1854 1294 1888 subortis
1321 1854 1489 1888 discordiis
1512 1861 1682 1900 proventus
1706 1861 1848 1900 speratae

1098 1902 1256 1943 victoriae,
1283 1902 1473 1938 christianae
1501 1902 1629 1937 militiae
1655 1902 1848 1940 auferretur,

1097 1963 1188 1986 causa
1223 1961 1286 1987 erat
1318 1952 1524 1996 simultatum,
1554 1959 1584 1986 et
1610 1950 1849 1986 odiorumvl're-

1096 2001 1223 2047 quentia
1258 2001 1288 2035 in
1315 2001 1454 2036 exercitu
1484 1999 1723 2047 pullulantium,
1758 1999 1846 2047 qnia:

1096 2050 1231 2084 Carnem
1252 2057 1421 2097 posuerant
1446 2049 1609 2084 brachium
1638 2061 1748 2088 suum,
1776 2055 1805 2082 et
1833 2061 1847 2082 a

1098 2097 1233 2134 Domino
1254 2106 1449 2145 recesserant
1471 2098 1565 2134 corda
1592 2110 1712 2133 eorum.

1145 2150 1178 2186 Si
1201 2164 1276 2197 ergo
1299 2152 1445 2186 volumus
1467 2152 1536 2186 sine
1559 2163 1673 2197 magno
1693 2150 1797 2185 labore
1816 2151 1846 2183 iu

1096 2258 1201 2292 omnia
1224 2257 1365 2292 obtinere
1390 2258 1602 2305 triumphum:
1627 2265 1754 2305 propter
1775 2257 1849 2292 huc-

1098 2323 1197 2359 usque
1234 2322 1382 2358 perpessa
1415 2311 1596 2357 gravamina
1628 2322 1691 2345 nou
1719 2309 1848 2345 deficia-

1098 2378 1167 2400 mus
1190 2365 1306 2405 auimo,
1329 2365 1383 2399 sed
1408 2365 1604 2412 requirentes
1625 2376 1696 2399 cum
1719 2363 1847 2398 humili-

1098 2427 1158 2454 tate
1187 2431 1223 2453 ac
1257 2418 1361 2453 cordis
1390 2418 1577 2453 contritione
1603 2417 1847 2452 misericordiam

1097 2472 1267 2516 Creatoris,
1291 2472 1320 2505 in
1350 2471 1567 2507 confusionem
1595 2482 1704 2505 eorum
1732 2482 1848 2518 perpe-

1097 2536 1181 2562 tuam
1205 2525 1449 2573 insuperabilem
1480 2523 1652 2572 poterimus
1687 2523 1847 2559 victoriam

1097 2593 1133 2616 ex
1169 2588 1319 2615 consueta
1350 2590 1506 2627 supernae
1539 2577 1700 2624 dignitatis
1734 2577 1846 2611 merito

1098 2633 1288 2681 benignitate
1316 2644 1451 2680 sperare.
1478 2631 1546 2667 Hac
1573 2631 1678 2677 itaque
1704 2629 1847 2666 conside-

1877 275 1929 302 An.
1946 275 1974 302 C.
1992 273 2058 301 1¹⁹3

1885 688 1924 715 Qui
1949 696 1995 711 cum
2017 689 2054 712 Dei

1873 721 1975 742 mandatis
2002 722 2056 743 obe-

1872 754 1930 779 divit,
1958 754 1984 775 de
2011 756 2055 776 suts

1106 783 1186 818 rent,
1215 786 1296 809 nnus
1322 786 1431 810 eorum
1455 774 1540 809 mille
1567 774 1716 815 vinceret,
1742 786 1777 808 ac
1799 773 1858 809 de-
1872 769 1967 841 ἕζετ’ίῑιιιω
1984 786 2055 806 trium-

1879 1223 1929 1245 Cum
1952 1230 2002 1246 vero
2025 1225 2048 1247 ..ὲ

1866 1254 1950 1276 ntorum
1973 1256 2049 1277 obser-

1866 1286 1952 1307 vatione
1962 1286 2047 1313 detecti,

1866 1316 1891 1336 ab
1919 1316 1952 1337 his
1979 1318 2049 1339 victus

1866 1351 1887 1368 et
1937 1351 2048 1375 superatur

1881 2156 2032 2177 Abstinendum

1096 2205 1344 2240 adversariorum
1383 2205 1553 2252 perniciem
1582 2204 1755 2251 gloriosum
1795 2191 1933 2250 pei-2¹3⁰?
1959 2193 1970 2207 ³
1993 2192 2046 2214 ⁹⁰⁰-
