2129 3223
152 284 244 312 Aac.
265 286 331 313 tatio
394 273 464 307 590

666 337 745 373 XLI.

393 417 560 460 Prioileqi'a
575 417 777 450 conceduntur
792 416 1034 461 Inquisitori'bns.

607 492 821 526 scrutatum

339 561 506 593 Exordium.
534 578 572 584 -—-
603 561 626 591 1.
649 561 685 592 Ut
706 568 793 592 cruce
822 562 994 597 consignent
1021 569 1087 595 eos,

379 607 430 645 qui
459 610 556 637 votum
579 606 810 645 nuncupaverint
833 614 884 643 pro
907 604 1087 642 extirpandis

379 650 546 681 haereticis.
566 668 606 673 —
626 650 653 680 ⁶2.
676 650 876 688 indulgentiae
899 649 941 678 eis
967 657 1087 677 conces-

379 703 438 725 sae.
463 711 503 717 --
519 691 546 725 3.
570 693 641 725 Sese
672 698 864 734 opponentes,
893 693 935 722 vel
965 701 1021 722 non
1046 691 1088 722 fa-

379 744 478 770 ventes
495 739 697 779 inquisitionis
717 738 811 769 oflicio
835 747 942 777 poenas
958 737 1034 766 (lent.
1050 753 1088 759 —-

378 784 404 814 t.
423 781 650 823 crucesignatos
668 783 820 814 absolvere
843 786 966 821 possunt
987 782 1086 821 inqui-

379 829 494 858 sitores.
515 845 554 851 -—
582 827 756 858 Nominatim
780 826 887 866 aliquot
911 825 1025 865 excipit.
1050 843 1089 848 —

379 873 406 902 5.
424 872 619 913 Dispensandi
636 871 770 902 facultas.
785 888 822 893 —
838 871 865 901 ὅ.
883 869 1087 900 Commutandi

378 922 441 947 vota
461 918 744 955 crucesignatorum.
774 931 813 938 —-·
835 915 862 944 7.
887 914 995 954 Eisque
1012 923 1087 944 con-

378 962 501 992 cedendi
537 966 568 992 ut
603 961 749 991 interdicti
786 964 916 997 tempore
951 959 1088 988 intersint

378 1006 495 1036 divinis.

335 1072 507 1102 Innocentius
524 1072 666 1109 opiscopus
695 1077 791 1100 servus
816 1076 955 1099 sorvorum
973 1069 1028 1102 Dei,
1048 1070 1087 1098 di·

380 1120 463 1150 lectis
476 1121 543 1151 tuiis
565 1121 702 1151 fratribus
727 1119 830 1149 ordinis
858 1119 1087 1152 praedicatorum.

380 1171 592 1208 inquisitoribus
609 1170 765 1200 haereticae
782 1168 943 1206 pravitatis,
961 1174 1087 1204 praesen-

382 1220 459 1250 utin
488 1220 518 1250 ot
540 1220 646 1250 futuris
673 1219 702 1249 in
738 1218 895 1248 innitar-dia
917 1219 948 1246 et
970 1216 1089 1245 marchia

383 1269 517 1303 tunensi.
542 1269 662 1299 satutem
680 1269 710 1298 ot
725 1267 905 1305 apostoticam
926 1266 1088 1295 benedictio·

382 1325 452 1349 uem.

389 1382 506 1418 Malitia
524 1383 620 1418 huius
633 1382 783 1429 temporis
794 1381 824 1415 in
834 1379 966 1415 diversis
979 1378 1088 1414 mundi

232 1441 258 1459 *ι
290 1455 293 1458 Δ
341 1432 492 1480 partibus,
527 1441 557 1467 et
578 1431 712 1467 maxime
741 1431 771 1466 in
799 1430 957 1478 provincia
990 1428 1089 1463 Lom-

176 1439 191 1461 ΙἿ

194 1447 203 1460 ι-

268 1446 284 1459 d

342 1482 482 1527 bardiae‚
495 1493 714 1530 perversorum
734 1491 856 1515 morum
886 1478 1007 1526 peperit
1023 1478 1105 1513 cor-'

342 1533 509 1580 ruptelam,
531 1544 568 1567 ex
586 1531 701 1580 quibus
727 1528 866 1564 lethifera
891 1529 987 1575 pestis
1016 1528 1089 1562 liae-

342 1582 455 1618 reticae
477 1581 637 1630 pravitatis
659 1578 873 1615 abundantius
895 1577 986 1613 solito
1030 1589 1089 1612 no-

341 1632 439 1667 scitur
465 1631 648 1679 pullulasse.
663 1630 710 1664 Ad
734 1628 972 1676 extirpationem
996 1627 1090 1674 igitur

341 1681 483 1717 eiusdem
507 1680 613 1728 pestis,
637 1680 721 1714 iuxta
748 1677 840 1713 officii
868 1678 966 1712 nostri
999 1676 1090 1712 debi-

341 1740 407 1766 tum
435 1743 473 1766 ex
498 1731 604 1766 auimo
631 1729 841 1767 intendentes,
865 1727 1012 1762 volumus
1041 1726 1090 1761 ad-

343 1793 452 1817 versus
473 1779 657 1815 huiusmodi
692 1777 867 1826 iniquitatis
906 1777 1090 1824 operarios,

343 1833 396 1879 qui
424 1842 559 1866 massam
582 1827 752 1865 catholicae
775 1825 920 1875 puritatis
938 1827 1091 1861 fermento

345 1880 487 1929 propriae
506 1878 703 1926 contagionis
731 1877 886 1918 inliciunt,
914 1876 1023 1911 fideles
1059 1882 1091 1910 ut

344 1939 548 1977 consurgant,
569 1937 714 1975 stentque
736 1927 900 1962 nobiscum
924 1938 979 1974 pro
1005 1937 1092 1960 evan-

344 1980 467 2027 gelicis,
487 1991 566 2027 quas
590 1977 720 2025 professi
754 1986 840 2021 suut,
874 1975 997 2022 legibus
1035 1975 1092 2010 de-

347 2028 524 2074 fendendis,
549 2027 730 2064 salubribus
750 2025 1022 2062 adhortationibus
1045 2025 1093 2058 in-

347 2079 446 2115 citari.

396 2133 413 2175 §
440 2130 471 2164 1.
498 2126 572 2171 Quo
593 2127 673 2162 circa
701 2124 880 2161 discretioni
901 2133 1019 2159 vestrae
1040 2135 1095 2169 per

166 2185 191 2205 [²
206 2189 270 2205 ΝΜ
285 2188 336 2217 ‘⁰²¹1
349 2178 518 2228 apostolica
543 2177 657 2224 scripta
692 2175 832 2211 districte
874 2171 1095 2222 praecipiendo

152 2218 337 2266 ssfftiss¹iffiass³i²1
352 2229 549 2268 mandamus,
577 2228 607 2261 in
631 2225 847 2261 remissionem
872 2223 959 2259 vobis
982 2235 1094 2270 pecca-

154 2277 338 2333 Ρζξῇζξζάὺζζῠ
353 2278 474 2314 minum
513 2278 723 2322 iniungentes,
755 2283 910 2323 quatenus
945 2275 974 2308 in
1007 2272 1095 2312 locis,

156 2340 227 2359 nne-1.
267 2324 281 2327 ⁰
355 2328 404 2364 nbi
426 2335 534 2364 contra
556 2326 731 2361 haereticos
762 2324 849 2359 vobis
884 2321 1097 2371 inquisitionis

353 2378 488 2413 officium
516 2385 564 2412 est
590 2376 807 2418 commissum,
835 2374 951 2409 curetis
982 2371 1096 2418 singuli

353 2435 528 2476 opportuna
548 2425 703 2468 instantia,
725 2431 831 2459 contra
861 2422 988 2458 eosdem
1023 2421 1098 2455 liae-

354 2478 478 2517 reticos,
519 2487 691 2523 eorumque
732 2473 879 2513 fautores,
923 2482 1098 2519 proponere

357 2525 482 2573 populis
505 2525 628 2573 publice
668 2524 796 2558 verbum
837 2521 961 2562 Crucis,
995 2529 1025 2556 et
1046 2532 1099 2555 eos

356 2577 409 2621 qni
435 2576 508 2610 tacti
535 2575 602 2610 zelo
625 2574 695 2609 fidei
719 2573 754 2607 ad
777 2571 991 2618 extit-pandam
1022 2582 1100 2616 pra-

359 2627 483 2660 vitatem
527 2624 668 2660 eamdem
710 2631 814 2658 votum
848 2620 1100 2669 assumpserint,

359 2673 459 2708 crucis
487 2674 661 2709 charactere
681 2673 878 2719 consignare.

914 282 1014 305 BCLLA
1021 281 1050 303 ΠΙ
1058 281 1100 303 [Μ
1129 280 1288 303 nonanus:

1175 339 1190 378 ξ
1213 338 1244 369 2.
1273 334 1316 371 Ut
1337 342 1441 371 antem
1465 336 1551 371 vobis
1573 336 1611 371 de
1639 337 1869 385 praedicatione

1127 384 1326 427 huiusmodi,
1359 392 1389 420 et
1431 385 1588 430 fidelibus,
1625 386 1678 435 qui
1724 385 1868 423 eiusdem

1127 433 1240 470 Crucis
1261 434 1301 470 ob
1328 434 1386 470 hoc
1409 443 1516 471 votum
1543 436 1782 483 assumpserint,
1809 445 1870 473 co—

1129 484 1232 530 piosae
1248 485 1401 520 mercedis
1445 485 1597 521 raemium
1624 486 1781 522 afferatur:
1813 498 1869 522 vo-

1127 534 1186 578 bis,
1213 542 1243 568 et
1270 534 1387 570 eisdem
1416 498 1572 577 ddetibus
1599 535 1683 572 illam
1705 536 1870 585 indulgen-

1128 584 1214 627 tiam,
1232 583 1371 632 illudque
1386 584 1583 632 privilegium
1598 585 1776 633 elargimur,
1788 594 1869 635 quae

1128 634 1366 670 transeuntibus
1394 635 1423 669 iu
1450 634 1564 669 Terrae
1593 632 1726 672 Sanctae
1763 637 1870 672 subsi-

1127 682 1214 718 dium
1250 683 1280 718 in
1302 684 1439 730 generali
1472 683 1606 719 concilio
1641 685 1868 722 conceduntur.

1127 732 1207 767 Cum
1234 742 1337 768 autern
1371 733 1550 768 huiusmodi
1587 733 1698 770 Crucis
1742 736 1868 771 verbum

1129 795 1184 829 per
1211 794 1262 817 vos
1311 784 1442 830 proponi
1477 783 1671 829 contigerit,
1713 782 1869 821 relaxandi

1128 832 1275 867 omnibus
1299 845 1366 867 vere
1403 832 1634 878 poenitentibus
1660 843 1690 868 et
1708 833 1870 872 confessis.

1127 883 1180 929 qui
1207 882 1244 916 ad
1268 881 1460 917 audiendum
1483 882 1611 918 verbum
1635 883 1737 929 ipsum
1760 882 1872 919 devote

1128 930 1284 974 affuerint,
1311 931 1515 979 quadraginta
1538 934 1583 968 vel
1607 933 1712 980 viginti
1739 933 1807 969 dies
1833 933 1872 969 de

1129 981 1277 1015 iniunctis
1300 980 1512 1029 poenitentiis,
1538 981 1634 1018 libera
1655 983 1696 1018 sit
1721 982 1810 1019 vobis
1842 990 1873 1018 et

1128 1030 1260 1078 singulis
1281 1038 1418 1066 restrum
1453 1031 1492 1066 de
1528 1040 1629 1068 nostra
1667 1034 1871 1069 concessione

1130 1079 1269 1115 facultas.

1177 1134 1192 1173 ξ
1219 1132 1250 1164 ’5.
1273 1129 1364 1172 Quod
1392 1130 1418 1165 si
1439 1130 1528 1173 sorte,
1551 1131 1633 1179 quod
1667 1142 1728 1167 nou
1769 1131 1872 1169 credi-

1129 1191 1211 1219 mus,
1233 1179 1334 1226 aliqua
1361 1180 1479 1219 civitas,
1501 1182 1720 1222 communitas,
1744 1183 1790 1218 vel
1805 1193 1872 1229 per-

1129 1240 1216 1273 sona,
1231 1230 1458 1277 cuiuscumque
1474 1231 1663 1267 conditionis
1685 1231 1731 1267 vel
1745 1233 1871 1279 gradus,

1130 1278 1202 1313 huic
1224 1287 1284 1313 tam
1307 1279 1423 1315 salubri
1458 1281 1581 1328 negotio
1619 1293 1653 1316 se
1689 1293 1871 1328 opponere,

1129 1339 1183 1363 seu
1207 1327 1280 1363 illud
1302 1331 1547 1379 praesumpserit
1579 1330 1777 1378 aliquatenus
1809 1332 1872 1367 im-

1131 1377 1251 1426 pedire,
1279 1389 1311 1415 ut
1333 1392 1388 1427 per
1411 1391 1475 1419 vos,
1503 1381 1549 1415 vel
1572 1392 1626 1427 per
1648 1380 1727 1416 alios
1762 1390 1872 1417 aucto-

1130 1430 1217 1464 ritate
1240 1437 1343 1464 nostra
1365 1429 1403 1464 ad
1437 1430 1497 1465 hoc
1535 1429 1711 1476 deputatos,
1757 1430 1801 1465 vel
1842 1431 1871 1466 in

1132 1487 1289 1527 posterum
1312 1478 1521 1525 deputandos,
1543 1479 1641 1514 libere
1661 1480 1787 1526 procedi
1810 1493 1871 1516 uon

1131 1528 1227 1563 valeat
1254 1529 1283 1562 in
1303 1528 1426 1573 eodem,
1455 1530 1517 1564 imo
1546 1530 1571 1563 si
1610 1529 1802 1577 quicumque
1825 1544 1874 1565 re-

1129 1578 1235 1626 quisiti
1258 1577 1333 1612 illud
1357 1578 1460 1613 fovere
1483 1577 1688 1625 neglexerint,
1721 1588 1751 1614 et
1788 1579 1875 1615 iuxta

1131 1627 1278 1667 officium,
1300 1635 1329 1662 et
1352 1640 1442 1675 posse
1464 1639 1555 1662 suum
1577 1628 1718 1664 studiose
1758 1630 1874 1664 iuvare:

1131 1686 1236 1712 contra
1261 1689 1318 1712 eos
1340 1686 1496 1725 tamquam
1520 1675 1702 1712 defensores
1734 1687 1764 1713 et
1805 1676 1876 1714 tau-

1132 1736 1214 1762 tores
1235 1726 1477 1766 haereticorum,
1508 1725 1630 1762 sublato
1655 1727 1875 1774 appellationis

1131 1776 1304 1816 obstaculo,
1327 1789 1381 1811 vos
1403 1777 1448 1811 vel
1469 1785 1604 1811 vestrum
1632 1776 1745 1823 singuli
1771 1786 1874 1813 aucto-

1132 1827 1220 1862 ritate
1240 1834 1343 1862 nostra
1367 1825 1522 1873 intrepide
1544 1825 1730 1873 procedatis.
1758 1827 1874 1862 Contra

1132 1888 1224 1924 quos,
1247 1886 1338 1923 prout
1359 1875 1488 1910 audacia
1511 1875 1649 1922 ipsorum
1665 1876 1815 1923 exegerit,
1830 1888 1877 1912 re-

1132 1939 1187 1974 ges
1208 1934 1239 1961 et
1261 1926 1418 1973 principes
1433 1925 1631 1967 christianos,
1655 1938 1777 1961 necnon
1803 1940 1877 1962 cru-

1133 1976 1307 2022 cesignatos
1330 1989 1384 2022 pro
1406 1973 1521 2010 Terrae
1547 1973 1681 2011 Sanctae
1712 1985 1876 2017 succursu,

1133 2025 1315 2061 curabimus
1337 2026 1492 2065 invocare3
1514 2037 1584 2060 cum
1613 2037 1673 2061 non
1696 2026 1801 2061 miuus
1822 2035 1877 2062 ex-

1135 2074 1247 2123 pediat,
1276 2076 1337 2109 imo
1365 2075 1474 2120 tnagis,
1502 2074 1593 2110 iidem
1623 2075 1652 2109 in
1675 2075 1750 2111 locis
1783 2086 1877 2123 prope

1137 2124 1256 2172 positis,
1283 2137 1375 2172 quam
1400 2123 1506 2171 procul
1540 2123 1728 2160 distantibus
1766 2120 1878 2161 defen-

1136 2187 1215 2210 sare.
1790 2190 1793 2191 ⁷

1184 2228 1199 2268 g
1221 2226 1252 2258 4.
1277 2223 1374 2258 Porro
1398 2231 1430 2257 ut
1453 2236 1513 2258 non
1541 2223 1641 2258 solum
1669 2223 1878 2271 inquisitionis

1138 2273 1223 2308 vobis
1235 2285 1331 2320 super
1347 2273 1500 2308 haeretica
1520 2272 1666 2320 pravitate
1681 2272 1877 2317 commissae,

1137 2323 1189 2357 sed
1214 2332 1243 2358 et
1277 2321 1458 2357 huiusmodi
1493 2321 1734 2370 praedicationis
1766 2318 1878 2358 Crucis

1137 2372 1272 2407 officium
1301 2373 1330 2406 in
1350 2371 1492 2407 manibus
1516 2372 1637 2416 vestris,
1664 2375 1811 2418 congruis
1833 2367 1878 2407 sa-

1139 2422 1263 2457 voribus
1284 2421 1459 2461 adiuvetur,
1482 2418 1660 2456 absolvendi
1693 2420 1775 2455 iuxta
1818 2418 1879 2457 ior-

1140 2483 1219 2506 inam
1248 2470 1421 2512 Ecclesiae,
1444 2482 1552 2506 omnes
1574 2470 1627 2518 qui
1648 2478 1754 2506 contra
1778 2473 1880 2518 pravi-

1139 2529 1231 2556 tatem
1268 2520 1454 2556 haereticam
1490 2519 1715 2567 assumpserint
1754 2521 1879 2567 signum

1139 2570 1261 2611 Crucis,
1283 2570 1322 2605 ab
1345 2569 1512 2610 interdicti,
1531 2569 1760 2616 suspensionis,
1782 2577 1812 2605 et
1833 2578 1880 2606 ex-

1139 2620 1460 2655 communicationum
1486 2618 1648 2654 sententiis
1665 2620 1837 2664 canonicis,
1849 2628 1880 2656 et

1142 2670 1322 2717 praesertim
1351 2668 1483 2709 abillis,
1517 2681 1595 2716 quas
1628 2682 1683 2716 pro
1705 2667 1879 2715 incendiis,

1883 284 1932 311 An.
1950 284 1986 312 C?
1998 284 2065 312 ¹23&

1901 345 2045 373 tndutgenitae

1889 378 1919 399 ei!
1935 379 2050 398 bonone-a

2105 1134 2116 1143 a

1898 1147 1949 1168 Sese
1960 1153 2068 1175 opponen-
2115 1172 2118 1178 Ι

1884 1182 1925 1204 tes,
1941 1179 1974 1200 vel
1989 1185 2030 1200 non
2039 1179 2068 1199 fa·
2112 1181 2122 1198 .'

1884 1213 1959 1231 ventes
1977 1211 2067 1238 inquisi-
2103 1202 2116 1218 ’Ἴ

1886 1242 1949 1261 tionis
1998 1240 2067 1262 officio
2111 1260 2119 1275 s·

1886 1277 1965 1298 poenas
1983 1272 2041 1293 dent-

1911 2231 2074 2259 crucesignatos

1891 2262 2002 2284 noenu-ers
2022 2269 2075 2290 pos-

1892 2296 1939 2314 sunt
1960 2295 2075 2321 iitqnisito-
2099 2311 2102 2320 ,

1891 2329 1933 2344 fes.
