2129 3223
125 250 173 276 Αη.
192 249 218 277 C.
240 249 306 277 ¹265

145 2462 233 2482 anum

149 2493 293 2513 undamentum

176 2523 267 2542 charitas

269 2468 313 2480 vius

372 239 441 272 750

319 302 472 349 exemplis
494 300 683 335 salutaribus
708 299 912 334 scaturizans.
943 299 1002 334 Hic
1018 307 1065 333 est

320 352 389 387 sous
415 362 584 392 amoenus,
619 349 763 384 varietate
798 349 946 383 virtutum
976 360 1066 395 prae-

319 403 432 437 clarus,
461 399 625 439 munditie,
649 399 792 444 puritate,
816 398 928 443 pietate
944 406 1064 444 patens,

319 448 505 484 indeficiens
531 447 703 482 sanctitate.
740 447 908 482 Horum...
936 447 982 481 sic
1012 459 1066 480 ex-

318 510 460 533 crescere
488 499 618 540 meruit,
645 505 680 531 ut
701 496 796 531 fontis
822 508 937 531 nomen
971 507 1066 530 exce-

318 546 408 586 dens,
434 546 549 581 fluvius
575 554 752 581 censeatur.
775 544 875 580 Cuius
899 556 1065 591 processus

319 596 485 630 laudabilis
503 596 542 630 de
557 596 671 630 virtute
687 596 717 630 in
735 595 893 637 virtutem,
917 601 948 628 ut
962 593 1064 628 Deum

318 645 448 679 deorum
483 645 514 678 in
537 644 613 679 Sion
644 644 745 678 videat
772 643 965 690 gradiendo,
992 643 1066 677 uni-

318 694 446 729 versalis
479 693 639 728 Ecclesiae
667 693 811 728 laetificat
835 692 1007 733 unitatem,
1034 692 1064 726 in

318 755 379 790 qua
414 755 470 791 per
502 743 685 778 meritorum
720 743 929 785 evidentiam,
965 740 1066 775 clarae

318 792 400 827 lucis
436 792 638 840 splendorem
677 791 821 838 adeptus,
852 790 941 838 quasi
976 790 1064 824 stella

318 843 471 876 matutina
499 841 704 888 resplendens
736 841 767 875 in
797 841 899 875 medio
934 838 1066 874 nebulae

318 891 430 925 mundi
459 890 571 930 huius,
593 897 624 924 et
645 890 676 924 in
703 901 738 924 ea
760 888 945 936 splendidos
971 889 1067 923 emit-

318 948 389 975 tens
415 939 516 974 radios
543 939 640 974 instar
665 938 757 978 solis,
786 938 870 972 velut
896 937 1067 985 aquaedu-

318 997 388 1024 ctus
410 989 449 1023 de
479 988 630 1023 Paradiso
660 987 882 1035 progrediens,
911 988 941 1021 in
968 999 1066 1034 aquas

318 1037 473 1073 redundat
495 1037 670 1084 plurimas,
690 1037 814 1071 hortum
839 1036 1066 1083 plantationum

317 1099 458 1127 suarum,
474 1096 585 1121 coetus
602 1085 731 1133 quidem
746 1085 973 1125 claustralium,
987 1098 1068 1133 quos

318 1135 479 1183 produxit,
500 1136 590 1183 aquis
613 1135 745 1181 irrigans
765 1135 936 1181 gratiarum
951 1143 981 1169 et
995 1135 1067 1170 vino

317 1186 489 1232 spiritualis
512 1185 645 1220 laetitiae
672 1184 792 1219 fructus
817 1183 979 1219 inebrians
1001 1196 1069 1231 par-

318 1243 369 1269 tus
395 1235 455 1270 sui.
477 1233 584 1269 Huius
605 1233 763 1281 siquidem
779 1234 899 1268 ordinis
921 1245 1006 1268 sacra
1025 1245 1069 1268 re-

317 1282 404 1329 ligio,
429 1296 445 1319 a
480 1296 556 1319 suae
581 1283 786 1318 institutionis
807 1283 957 1330 auspiciis
979 1283 1068 1329 quasi

317 1331 441 1368 deserta
473 1341 504 1367 et
536 1333 639 1376 invia,
677 1341 784 1378 utpote
818 1332 928 1378 paucis
964 1331 1068 1367 adhuc

320 1382 439 1416 initiata
460 1380 649 1425 cultoribus,
669 1380 795 1416 tandem
819 1381 948 1416 honoris
965 1389 996 1415 et
1016 1380 1069 1415 ho·

319 1431 448 1465 nestatis
469 1429 590 1466 fructus
618 1429 814 1477 parturiens,
844 1441 948 1464 ramos
974 1442 1066 1469 suos,

319 1491 424 1515 ramos
444 1478 572 1526 quidem
595 1479 723 1514 honoris
754 1486 783 1514 et
808 1480 945 1524 gratiae,
979 1480 1067 1525 quasi

318 1528 517 1564 terebinthus
543 1528 704 1568 extendit,
733 1529 915 1574 germinans
936 1539 1070 1573 genera-

320 1577 420 1613 tiones
440 1585 471 1612 et
498 1578 665 1624 progenies
704 1577 901 1623 germinavit.
947 1576 1070 1622 Eapro-

319 1635 389 1674 pter
406 1626 538 1662 laetatur
558 1635 588 1661 et
607 1625 716 1661 iubilat
738 1625 924 1661 laetabunda
946 1634 977 1660 et
1003 1625 1071 1660 lau-

319 1676 408 1714 dans,
433 1676 551 1710 exultat
579 1675 639 1709 iam
671 1675 701 1709 in
729 1675 931 1710 multitudine
953 1687 1070 1709 nume-

319 1737 390 1759 rosa
423 1724 617 1772 spectabilis,
642 1735 723 1771 qnae
752 1723 826 1758 olim
853 1724 941 1771 quasi
963 1723 1071 1770 despi-

320 1773 429 1809 cabilis
449 1774 480 1808 in
504 1773 672 1809 solitudine
694 1773 852 1807 delitebat,
881 1773 983 1819 Digne
1007 1773 1071 1808 ita-

320 1834 382 1870 que
415 1822 466 1856 hic
501 1822 579 1858 ordo
614 1821 836 1868 dignissimus,
872 1821 1006 1856 dilectus
1041 1830 1072 1856 et

320 1872 506 1919 praeelectus
526 1884 542 1906 a
556 1871 705 1911 Domino,
718 1870 822 1906 eidem
841 1871 954 1918 psallit,
976 1879 1007 1905 et
1021 1883 1072 1906 as-

321 1921 401 1956 serit>
424 1932 496 1956 cum
524 1920 695 1967 Propheta:
724 1919 758 1954 ln
786 1928 865 1955 terra
888 1919 1011 1955 deserta
1043 1928 1072 1954 et

320 1969 421 2013 invia,
447 1970 492 2004 sic
514 1970 545 2003 in
568 1978 677 2004 sancto
700 1970 753 2003 tibi
776 1969 934 2004 desiderio
956 1978 987 2004 et
1021 1981 1073 2003 so-

321 2017 386 2053 lido
407 2018 568 2065 proposito
595 2018 756 2065 religionis
777 2018 926 2065 apparui,
955 2030 1016 2053 non
1042 2026 1074 2052 ut

321 2079 373 2103 me
401 2068 432 2102 in
466 2066 574 2102 habitu
602 2068 649 2102 vel
679 2067 800 2102 ambitu
834 2067 1072 2111 ostentationis,

321 2116 388 2160 tibi,
403 2116 455 2164 qui
470 2117 574 2151 onmia
600 2116 698 2157 vides,
724 2115 941 2157 ostenderem
964 2116 1017 2151 sed
1040 2123 1074 2150 ut

322 2165 353 2200 in
383 2164 569 2200 humilitatis
600 2165 776 2200 abiectione
807 2173 892 2200 tuam
916 2166 1073 2205 viderem,

323 2223 352 2250 et
374 2222 404 2250 te
430 2214 677 2250 misericorditer
699 2214 855 2256 donante,
879 2214 1073 2261 perciperem
1094 2223 1095 2226 ’

323 2262 452 2310 gloriam
479 2272 509 2298 et
542 2264 700 2298 virtutem.
737 2262 821 2297 Vidit
849 2264 932 2297 enim
970 2271 1001 2298 et
1020 2275 1097 2310 ga-i

323 2312 408 2347 visus
421 2320 478 2355 est,
494 2313 644 2359 percepit,
667 2320 700 2348 ut
715 2311 935 2359 praemittitur,
959 2312 1075 2346 multae
1095 2312 1097 2335 ¹

324 2360 545 2396 foecunditatis
563 2361 713 2407 gloriam;
733 2360 939 2395 nihilominus
963 2361 992 2394 in
1008 2361 1076 2395 cha-

327 2411 414 2445 ritate
436 2409 594 2445 sundatur.
618 2410 715 2444 Primi
743 2422 881 2457 namque
903 2410 1004 2456 ipsius
1030 2422 1078 2443 or-

328 2459 408 2492 dinis
435 2459 607 2499 architecti,
630 2459 730 2506 prima
753 2460 840 2505 quasi
864 2458 1010 2493 eiusdem
1031 2471 1077 2492 or·
1097 2464 1098 2499 g

329 2507 410 2541 dinis
438 2507 639 2543 fundamenta
679 2508 709 2542 in
743 2508 893 2543 charitate
921 2503 1098 2548 ieceruntfl

330 2556 475 2591 eumdem
511 2556 652 2592 ordinem
684 2557 721 2592 ad
748 2557 844 2591 instar
865 2556 980 2603 Sponsi
1007 2568 1078 2591 coe-

330 2603 434 2645 lestis,
468 2605 523 2651 qui
549 2606 580 2640 in
614 2605 843 2652 speciosissima
865 2605 990 2652 Sponsa
1020 2617 1077 2640 sua

916 245 1103 269 annulum!
1129 243 1292 267 ROMANUM

1107 298 1302 337 charitatem,
1337 306 1372 331 ut
1405 298 1469 344 ipsa
1502 296 1626 336 fatetur,
1654 295 1738 343 quod
1767 296 1797 331 in
1820 309 1856 332 ea

1109 347 1358 394 perseverantior
1375 346 1472 386 lieret,
1488 345 1856 386 ordinavit,charitativis

1109 396 1284 443 praeceptis
1315 404 1346 430 et
1377 395 1626 431 institutionibus
1663 395 1854 430 ordinantes.

1106 445 1232 487 Quibus
1269 444 1438 480 Charitatis
1476 444 1591 480 Charta
1622 457 1759 486 nomen,
1798 457 1856 481 nee

1108 495 1277 534 immerito,
1302 494 1520 542 imponentes,
1537 506 1592 541 per
1610 494 1708 542 ipsam
1728 494 1765 529 ad
1780 495 1856 530 cha-

1107 544 1205 578 ritatis
1220 544 1491 578 conversationem
1512 546 1754 587 straverunt(l),
1771 545 1856 579 iuxta

1108 592 1283 639 Prophetae
1310 594 1514 640 promissum.
1544 592 1648 640 Ipsius
1669 593 1790 629 ordinis
1812 594 1857 628 la-

1108 642 1198 689 pides
1224 641 1405 677 ordinantes
1427 643 1458 676 in
1481 642 1548 686 illa',
1574 642 1649 689 quid
1673 642 1855 684 maioribus,

1107 692 1222 738 quidve
1249 692 1428 726 minoribus
1454 691 1627 732 debeatur,
1653 692 1758 738 aptius
1791 701 1857 726 sta-

1108 749 1240 780 tuentes,
1264 749 1296 775 ut
1317 740 1494 776 secundum
1514 740 1656 775 eiusdem
1681 741 1857 788 Prophetae

1108 790 1299 833 vaticinium,
1323 790 1422 837 ipsius
1440 789 1562 824 ordinis
1575 791 1645 836 agni
1664 790 1748 825 iuxta
1764 803 1856 825 suum

1107 839 1251 874 ordinem
1275 847 1487 886 pascerentur.

1156 892 1171 931 ἕ
1196 891 1226 922 1.
1260 888 1350 923 Licet
1382 897 1487 923 autem
1515 888 1592 923 ordo
1620 888 1799 936 praedictus
1820 901 1855 924 ex

1107 937 1265 972 charitatis
1299 937 1496 972 ordinatione
1523 937 1737 979 firmissimus,
1765 947 1794 973 et
1824 947 1855 974 ut

1107 995 1280 1021 castrorum
1311 988 1396 1021 acies
1417 986 1556 1021 ordinata
1586 987 1750 1030 terribilis,
1780 1000 1857 1022 con-

1110 1036 1196 1070 tinue
1223 1036 1254 1070 in
1277 1036 1449 1083 spiritualis
1475 1048 1598 1082 pugnae
1621 1037 1785 1083 procinctu
1808 1037 1855 1071 de-

1108 1086 1246 1128 sudans,
1279 1093 1387 1120 contra
1415 1085 1519 1119 hostes
1553 1086 1682 1132 spiritus
1716 1098 1856 1133 pugnare

1108 1134 1252 1169 didicerit
1267 1143 1295 1169 et
1319 1135 1404 1182 ipsos
1417 1135 1510 1168 etiam
1533 1146 1730 1182 expugnare3
1752 1135 1856 1170 adhuc

1108 1192 1212 1218 tamen
1237 1183 1354 1219 Sathan
1377 1183 1516 1218 cribrum
1539 1195 1630 1218 suum
1654 1195 1856 1219 inoverenon

1109 1233 1242 1274 desinit,
1275 1233 1329 1268 sed
1354 1234 1457 1279 ipsum
1485 1240 1586 1267 movet
1608 1241 1637 1267 et
1663 1234 1780 1268 excutit
1801 1246 1858 1269 ex-

1111 1291 1238 1329 pectans
1275 1290 1306 1317 et
1340 1291 1510 1329 expetens,
1546 1289 1579 1316 ut
1611 1283 1748 1318 excutiat
1778 1283 1857 1317 lilios

1108 1344 1326 1366 excussorum.
1349 1331 1462 1366 Adhuc
1483 1330 1588 1366 Sisara
1616 1331 1779 1372 israelitas,
1805 1331 1859 1367 fat-

1109 1383 1188 1415 catis
1214 1393 1268 1416 eos
1294 1380 1450 1420 curribus,
1477 1392 1647 1427 oppressus
1670 1381 1856 1428 insequitur.

1110 1430 1223 1465 Adhuc
1257 1430 1356 1465 hostis
1387 1430 1537 1476 antiquus
1571 1430 1758 1476 peculiarem
1790 1429 1856 1464 Do·-

1111 1479 1186 1513 mini
1221 1480 1370 1526 populum
1405 1480 1578 1525 (religiosos
1605 1479 1758 1523 videlicet)
1790 1479 1858 1514 Do-

1111 1528 1229 1562 minum
1261 1528 1536 1574 contemplationis
1570 1529 1786 1574 speculatione
1813 1529 1858 1563 vi-

1110 1576 1233 1615 dentes,
1260 1586 1290 1612 et
1307 1577 1487 1624 specialiter
1514 1577 1545 1611 in
1567 1578 1636 1612 eius
1664 1586 1784 1624 partem
1807 1590 1859 1612 as-

1112 1635 1254 1672 sumptos
1281 1638 1343 1660 non
1369 1635 1468 1661 cessat
1501 1626 1670 1673 impetere,
1704 1627 1758 1661 sed
1788 1627 1860 1661 totis

1111 1676 1221 1721 satagit
1259 1675 1393 1719 viribus,
1427 1675 1518 1709 variis
1552 1684 1684 1710 conatur
1716 1676 1861 1719 insidiis,

1112 1724 1242 1759 diversis
1265 1724 1295 1758 in
1319 1724 1389 1759 illos
1411 1723 1576 1758 conatibus
1599 1724 1712 1768 insilit,
1729 1733 1761 1759 ut
1784 1726 1862 1772 ipse,

1112 1786 1127 1808 a
1157 1773 1319 1820 participio
1341 1773 1445 1819 gandii
1472 1772 1617 1807 coelestis
1644 1774 1807 1814 exclusus,
1831 1775 1862 1808 in

1112 1823 1159 1857 eis
1182 1822 1317 1856 iucunde
1350 1822 1564 1857 habitantibus
1598 1823 1691 1857 unius
1714 1823 1809 1858 moris
1831 1823 1861 1857 in

1112 1872 1219 1916 domo,
1247 1871 1429 1906 charitatem
1453 1872 1609 1912 vulneret,
1637 1873 1789 1907 unitatem
1811 1884 1863 1907 se-

1115 1930 1221 1968 paret,
1262 1921 1412 1968 ipsosque
1456 1929 1616 1967 separatos
1649 1921 1679 1955 in
1718 1921 1862 1956 eiusdem

1115 1981 1238 2017 pugnae
1261 1970 1407 2004 conflictu
1430 1969 1600 2005 debiliores
1626 1969 1748 2011 efficiat,
1770 1977 1801 2005 et
1825 1969 1864 2006 ab

1114 2020 1160 2054 eis
1192 2018 1416 2053 iucunditatem
1453 2019 1668 2054 unanimitatis
1700 2019 1862 2060 excludam

1115 2067 1174 2103 hoc
1203 2069 1305 2115 ipsum
1334 2067 1484 2102 insidiose
1505 2068 1633 2103 molitus
1655 2069 1685 2102 in
1716 2080 1864 2114 personas

1117 2116 1244 2164 prael'ati
1263 2116 1384 2151 ordinis
1408 2117 1455 2152 his
1476 2117 1599 2157 diebus,
1622 2117 1799 2165 interipsas
1814 2130 1865 2152 su-

1117 2178 1170 2212 per
1192 2165 1324 2201 diversis
1339 2166 1477 2201 articulis
1492 2166 1717 2201 discordiarum
1733 2167 1864 2201 excitata

1117 2215 1263 2255 materia,
1292 2215 1392 2249 litium
1426 2216 1502 2249 satis
1524 2215 1697 2250 seminibus
1719 2223 1750 2250 et
1777 2215 1864 2250 iactis

1117 2264 1296 2298 seminariis
1319 2264 1504 2311 iurgiorum.

1166 2317 1180 2356 g
1203 2316 1235 2346 2.
1261 2312 1326 2346 Nos
1349 2322 1454 2347 autem
1478 2313 1578 2359 ipsius
1604 2312 1725 2348 ordinis
1746 2312 1864 2348 sancti-

1118 2369 1210 2396 tateui
1240 2370 1269 2396 et
1291 2362 1404 2396 claram
1424 2361 1552 2401 famam,
1575 2363 1667 2396 cuius
1689 2362 1766 2396 odor
1783 2363 1863 2397 sicut

1117 2410 1182 2455 agri
1207 2410 1288 2456 pleni
1311 2411 1463 2451 suavitas,
1487 2412 1535 2446 cui
1559 2411 1712 2446 Dominus
1734 2410 1865 2446 benedi-

1120 2460 1173 2502 xit,
1197 2467 1291 2494 totam
1321 2460 1417 2507 replet
1439 2460 1623 2500 Ecclesiam,
1646 2459 1797 2506 singulari
1819 2473 1866 2495 ze—

1119 2508 1218 2543 lantes
1236 2508 1360 2553 ass'ectu,
1388 2521 1426 2543 ne
1455 2510 1500 2543 vcl
1523 2510 1622 2556 ipsius
1649 2511 1798 2544 sanctitas
1820 2518 1866 2545 ta·

1119 2556 1201 2592 libus
1224 2565 1345 2592 nutaret
1369 2557 1550 2602 insultibus,
1565 2558 1609 2592 vel
1625 2557 1723 2593 famae
1742 2559 1867 2594 claritas

1155 2618 1194 2653 (l)
1215 2618 1374 2646 Addendum
1391 2618 1500 2646 forsitan
1519 2622 1599 2646 viam.

1871 240 1922 267 An.
1940 239 1970 265 C.
1986 238 2053 265 ¹265

1885 898 1994 919 piscanti·
2018 899 2054 919 tn-

1871 933 1903 950 ter
1926 934 1964 950 eos
1987 930 2054 950 oritur

1871 961 1928 982 eirea
1954 959 2055 981 nonnull-

1870 990 1956 1015 regulae
1977 991 2046 1015 capita

1878 2318 1908 2339 Ad
1918 2322 1964 2339 eam
1974 2323 2063 2345 compo-

1878 2349 1968 2371 nendam
1980 2350 2062 2370 incum-

1878 2382 1909 2403 bit
1926 2381 2031 2403 Clemens.
