2129 3223
67 246 120 275 Au.
132 246 161 274 C.
181 248 244 274 ¹25¹

113 373 170 424 ἡ,

88 692 205 715 cidus-utus.

59 1924 168 1946 Zacharias
179 1924 227 1946 Cns-

46 1956 147 1976 stantibus
173 1962 227 1977 con-

46 1987 101 2007 tedii
115 1987 212 2013 diploma.

59 2368 204 2390 coiinrmamr.

874 250 1058 273 GREGOttws

1085 251 1119 272 tx
1148 251 1196 273 Pr».
1680 245 1752 277 455

261 302 510 338 confirmationis
533 302 714 347 infringere,
736 304 783 337 vel
807 304 833 338 ei
862 316 940 338 ausu
961 311 1009 338 te-
1052 316 1106 351 per
1133 304 1192 339 hoc
1215 305 1291 339 nihil
1317 306 1386 352 plus
1409 307 1485 342 iuris
1506 315 1662 343 accrescat
1697 308 1800 344 eidem

260 352 393 387 merario
414 351 578 386 contraire.
605 351 638 386 Si
663 352 735 398 quis
756 361 860 387 antem
885 353 942 388 hoc
962 361 1008 387 at-

259 409 377 436 tentare
399 402 656 448 praesumpserit,
673 401 921 447 indignationem
945 415 1010 436 om-

259 450 426 497 nipotentis
448 451 505 486 Dei
529 462 563 485 ac
587 450 748 486 beatorum
764 451 847 486 Petri
872 459 901 486 et
918 452 1006 486 Pauli

255 499 468 545 apostolorum
496 500 564 534 eius
589 512 622 534 se
650 501 771 535 noverit
793 502 1004 536 incursurum.

256 546 369 583 Datum
397 549 559 596 Anagniae
581 549 818 597 quartodecimo
857 550 1006 585 kalendas

254 607 392 643 augusti.

302 646 387 682 Nulli
421 659 496 694 ergo
534 648 664 682 omnino
706 647 868 683 hominum
914 648 1005 683 liceat

254 695 334 731 hanc
356 697 500 744 paginam
523 706 647 732 nostrae
668 698 919 732 confirmationis
954 698 1004 732 in-

252 743 387 793 fringere
413 746 461 781 vel
484 746 510 780 ei
538 759 615 781 ausu
643 747 809 782 temerario
836 747 1002 782 contraire.

251 793 283 828 Si
297 796 368 841 quis
382 804 484 830 autem
498 795 559 830 hoc
571 804 722 831 attentare
742 797 1002 844 praesumpserit,

251 844 499 890 indignationem
523 845 750 891 omnipotentis
768 845 826 880 Dei
849 858 883 880 ac
921 845 1002 880 bea-

250 901 352 928 torum
378 894 460 929 Petri
483 902 513 929 et
534 894 623 930 Pauli
647 895 860 942 apostolorum
879 895 946 930 eius
968 907 1001 930 se

251 950 371 978 noverit
394 956 606 978 incursurum.

295 991 411 1028 Datum
439 993 585 1028 Laterani
612 993 722 1040 quinto
765 993 835 1028 idus
868 993 999 1041 aprilis,

249 1042 449 1088 pontificatus
471 1043 569 1077 nostri
597 1055 680 1077 anno
708 1042 830 1089 quinto.

305 1102 367 1133 Dat.
392 1104 438 1134 die
457 1105 474 1133 9
497 1104 600 1143 aprilis
624 1105 706 1141 1-231,
730 1105 831 1144 pontit'.
850 1114 894 1133 an.
915 1113 938 1133 v.

584 1264 680 1299 XXV.

247 1341 409 1374 Innovatio
428 1342 673 1386 privileyt‘mwii,
712 1342 904 1385 aliorumque
945 1342 997 1374 in-

293 1391 451 1425 dultorum
473 1403 492 1424 α
519 1391 677 1424 Zacharia
701 1392 789 1435 Papa
811 1402 898 1424 sucro
926 1392 997 1424 Cas-

290 1440 405 1474 sinensi
424 1441 566 1474 coenobio
584 1451 790 1474 concessorum
811 1442 866 1482 (i).

510 1517 724 1548 SUMMARttJM

242 1583 397 1614 Zacharias
413 1583 618 1613 Cassinatibus
642 1583 775 1613 concedit
798 1582 937 1621 diploma.
955 1599 994 1605 —

280 1627 486 1658 Conlirmatur.
503 1645 543 1652 -
563 1627 730 1657 Clausulae.

240 1703 385 1739 Gregorius
395 1703 534 1740 opiscopus
550 1710 645 1732 servus
660 1709 800 1731 servorum
814 1703 870 1736 Dei,
883 1703 994 1731 dilectis

284 1752 349 1781 tiliis
367 1753 472 1786 abbati,
496 1754 525 1781 et
547 1753 692 1781 conventui
713 1753 874 1780 monasterii
904 1753 991 1780 Cassi·

283 1808 355 1836 nen..
379 1803 498 1831 salutem
517 1803 547 1830 et
570 1802 750 1837 apostoticam
767 1801 991 1830 benedictionem.

289 1868 371 1904 Cnm
401 1869 498 1903 multa
529 1881 655 1915 precum
694 1868 838 1902 instantia
879 1868 991 1903 devote

241 1931 277 1953 ac
297 1918 460 1953 humiliter
486 1931 587 1965 nuper
615 1918 796 1962 postulastis
835 1930 848 1951 a
889 1918 990 1959 nobis,

243 1977 275 2003 ut
296 1967 397 2003 bonae
418 1967 588 2002 memoriae
602 1967 769 2001 Zachariae
784 1966 886 2013 Papae
904 1980 990 2013 prae-

241 2017 418 2053 decessoris
443 2017 542 2051 nostri
567 2016 763 2063 privilegium
800 2017 989 2051 monasterio

242 2076 345 2102 vestro
353 2078 537 2102 concessum
552 2073 676 2113 propter
685 2073 867 2100 vetustatem
880 2066 988 2112 ipsius⁷

242 2117 376 2151 maxime
403 2128 473 2150 cum
498 2115 585 2149 silum
613 2115 660 2149 cui
691 2114 773 2148 hulla
800 2114 989 2150 adhaerebat

243 2178 298 2211 pro
320 2165 429 2200 maiori
462 2173 544 2200 esset
585 2172 670 2210 parte
713 2164 918 2202 confractum,
960 2173 988 2199 et

241 2215 369 2249 alterius
384 2214 500 2249 formae
519 2213 595 2247 foret
617 2212 757 2247 eiusdem
775 2213 874 2248 littera
893 2226 986 2259 quam

242 2264 403 2305 moderna,
426 2263 646 2298 mandaremus
672 2262 731 2296 sub
765 2262 848 2297 bulla
884 2271 986 2297 nostra

243 2314 352 2348 litteris
377 2313 531 2348 annotari.
552 2311 618 2346 Nos
654 2311 747 2356 igitur
777 2311 886 2346 eodem
924 2313 989 2358 pri-

243 2362 356 2409 vilegio
382 2362 547 2408 diligenter
569 2361 721 2406 inspecto,
746 2374 783 2394 ne
812 2360 859 2395 ius
887 2370 989 2406 posset

243 2411 381 2447 eiusdem
405 2410 582 2446 monasterii
610 2410 763 2456 deperire,
792 2409 987 2456 privilegium

244 2460 321 2495 illud
349 2460 566 2508 praesentibus
587 2459 625 2493 de
656 2458 750 2493 verbo
785 2458 822 2492 ad
859 2458 987 2494 verbum

244 2511 383 2545 annotari
411 2510 545 2544 fecimus
566 2510 603 2543 ad
626 2507 800 2543 cauthelam
824 2508 987 2553 apostolici

238 2557 390 2594 «favorisei
402 2558 593 2606 praesidium
608 2556 833 2604 impendend03
850 2557 888 2591 ita
904 2557 988 2604 quod

279 2627 318 2664 (¹)
335 2628 373 2655 Ex
389 2629 493 2663 aegest.
513 2628 595 2654 Vatic.

1052 354 1254 394 monasterio,
1282 367 1375 402 quam
1399 356 1425 391 ei
1460 368 1515 404 per
1545 356 1663 392 dictum
1705 359 1801 404 privi-

1050 402 1165 448 legium
1189 403 1297 438 suisset
1319 404 1487 447 indultum3
1510 418 1581 441 cum
1605 419 1661 454 per
1676 407 1705 442 id
1722 419 1801 443 con-

1049 464 1171 487 servare
1188 453 1237 487 ius
1258 453 1436 500 antiquum,
1459 468 1521 490 non
1544 468 1660 491 novum
1680 457 1707 492 ei
1722 469 1800 492 con—

1048 501 1159 536 cedere
1186 502 1398 538 intendamus.
1426 503 1531 539 Tenor
1562 514 1666 540 autem
1706 506 1798 542 eius-

1048 549 1118 584 dem
1143 551 1300 598 privilcgii
1322 553 1390 587 talis
1412 562 1468 588 est.

1095 599 1262 636 Zacharias
1288 602 1457 649 episcopus
1491 615 1601 639 servus
1635 616 1794 640 servorum

1047 647 1103 683 Dei
1126 657 1179 683 etc.

1094 697 1178 733 Nulli
1217 710 1292 746 ergo
1330 700 1460 735 omnino
1493 701 1658 736 hominum
1703 702 1794 738 liceat

1045 747 1126 782 lianc
1168 749 1314 795 paginam
1353 757 1479 785 nostrae
1521 751 1733 787 annotationis
1763 762 1793 787 et

1044 797 1260 832 concessionis
1286 797 1471 845 infringere,
1498 800 1546 834 vel
1561 799 1588 834 ei
1624 812 1703 835 ausu
1743 811 1792 837 te-

1045 847 1176 881 merario
1203 847 1368 882 contraire.
1397 847 1430 883 Si
1454 849 1525 895 quis
1546 856 1650 884 autem
1674 849 1733 884 hoc
1745 860 1793 885 at-

1043 903 1161 930 tentare
1185 897 1443 944 praesumpserit,
1459 898 1705 944 indignationem
1723 911 1793 934 om-

1043 945 1215 992 nipotentis
1235 945 1292 980 Dei
1315 958 1351 981 ac
1367 946 1531 982 beatorum
1554 947 1638 982 Petri
1653 956 1684 982 et
1700 948 1789 984 Pauli

1041 993 1256 1041 apostolorum
1278 995 1349 1030 eius
1371 1007 1403 1030 se
1431 997 1550 1032 noverit
1578 998 1789 1033 incursurum.

1090 1043 1207 1079 Datum
1235 1043 1379 1080 Laterani
1414 1053 1526 1092 quarto
1562 1046 1633 1081 idus
1658 1047 1765 1094 aprilis
1782 1076 1789 1089 ,

1042 1093 1241 1139 pontificatus
1264 1094 1360 1128 nostri
1387 1107 1469 1129 anno
1491 1095 1614 1142 quinto.

1085 1154 1145 1185 Dat.
1165 1155 1212 1185 die
1236 1156 1273 1186 rlO
1294 1156 1396 1196 aprilis
1421 1156 1506 1194 1231,
1529 1157 1630 1197 pontif.
1658 1168 1704 1188 an.
1725 1167 1749 1189 v.

1352 1313 1464 1349 XXVI.

1040 1387 1293 1421 praescribuntur·
1314 1391 1464 1423 nonnulla
1484 1397 1600 1424 statuta
1629 1397 1657 1423 et
1695 1392 1788 1423 ordi-

1086 1438 1225 1471 nationes
1236 1449 1295 1481 pro
1318 1439 1395 1472 bono
1415 1439 1560 1483 reqimine
1580 1440 1787 1473 uniuersitatis

1085 1486 1193 1519 Stwtii
1211 1488 1364 1531 yeneralt's
1392 1489 1542 1521 Parisien.
1577 1500 1596 1522 a
1617 1490 1786 1533 maqislre's,

1084 1536 1273 1581 eiusdemque
1293 1537 1484 1571 scholaribus
1502 1536 1660 1572 'servanda
1686 1540 1741 1581 (l).

1302 1608 1515 1641 SUMMARIL‘M

1035 1674 1206 1705 Encomium
1218 1676 1314 1706 Studii
1327 1676 1518 1707 parisiensis.
1529 1694 1568 1699 —
1582 1677 1783 1708 iuramentum

1073 1729 1087 1749 a
1107 1721 1286 1750 cancellario
1305 1721 1515 1759 praestandum
1538 1722 1573 1751 de
1587 1722 1784 1752 licentiandiS.

1071 1781 1111 1788 —
1128 1763 1283 1803 Inquisitio
1299 1765 1334 1793 de
1346 1765 1382 1794 iis
1400 1765 1532 1795 facienda
1552 1770 1618 1795 ante
1635 1766 1782 1796 licentiam

1072 1808 1210 1839 dandam.
1230 1826 1269 1831 —
1286 1808 1440 1848 Privilegia
1457 1810 1598 1841 nonnulla
1617 1811 1784 1841 concedun-

1072 1857 1119 1882 tur
1142 1853 1302 1891 magistris,
1316 1870 1355 1876 —
1372 1853 1507 1893 Episcopi
1530 1853 1671 1885 Parisien.
1685 1855 1736 1885 ‘ius
1753 1856 1783 1885 in

1073 1896 1221 1926 scholares
1257 1897 1474 1937 delinquentes.
1505 1915 1544 1920 —
1576 1898 1782 1938 Exemptiones

1072 1941 1182 1971 eisdem
1205 1951 1373 1972 concessae.
1395 1959 1433 1964 -—
1455 1942 1494 1972 De
1510 1943 1711 1973 vacationibus
1733 1953 1783 1973 ae-

1071 1985 1164 2015 stivis.
1186 2002 1225 2008 —
1243 1986 1281 2015 De
1300 1987 1447 2024 magistris
1466 1988 1583 2017 artium.
1601 2004 1639 2009 —
1657 1986 1696 2017 De
1715 1996 1780 2017 ma-

1071 2029 1172 2066 gistris
1196 2030 1368 2069 theologiae.
1399 2048 1436 2053 -—
1449 2031 1486 2061 De
1502 2031 1588 2061 bonis
1601 2031 1780 2061 scholarium

1070 2073 1253 2104 obeuntium.
1271 2092 1310 2097 —
1327 2074 1494 2105 Clausulae.

1031 2144 1174 2179 Gregorius
1191 2145 1333 2181 episcopus
1344 2152 1587 2174 servasset-vorum
1602 2145 1657 2178 Dei,
1670 2145 1782 2174 dilectis

1073 2193 1139 2221 filiis
1158 2195 1292 2223 universis
1310 2195 1464 2230 magistris,
1485 2196 1512 2223 et
1525 2194 1694 2222 scholaribus
1706 2194 1779 2223 Pari·

1075 2243 1154 2275 sien..
1174 2244 1291 2272 salutem
1310 2244 1339 2271 et
1359 2243 1538 2280 apostolicam
1557 2242 1779 2272 benedictionem.

1080 2309 1197 2344 Parens
1223 2310 1423 2344 scientiarum
1457 2309 1585 2351 Parisii,
1614 2309 1697 2344 velut
1732 2309 1780 2344 al-

1032 2367 1094 2392 tera
1113 2359 1357 2406 Cariathsepher
1378 2359 1485 2394 civitas
1512 2359 1683 2393 litterarum
1709 2370 1779 2394 cara

1031 2407 1136 2452 claret,
1160 2420 1273 2453 magna
1300 2407 1440 2454 quidem,
1463 2408 1516 2443 sed
1544 2408 1584 2442 de
1605 2419 1639 2442 se
1661 2408 1778 2443 maiora

1031 2456 1101 2491 facit
1144 2458 1242 2504 optari
1286 2457 1474 2492 docentibus
1513 2465 1543 2491 et
1585 2456 1780 2492 discentibus

1030 2506 1174 2551 gratiosa,
1198 2507 1310 2553 in-qua
1339 2506 1458 2553 utique,
1483 2513 1642 2553 tamquam
1664 2507 1695 2541 in
1709 2506 1780 2542 offi-

1031 2555 1099 2589 cina
1122 2555 1292 2602 sapientiae
1326 2555 1464 2602 speciali‚
1498 2555 1590 2590 habet
1611 2563 1778 2603 argentum

1067 2624 1105 2659 (1)
1123 2625 1160 2651 Ex
1178 2625 1282 2660 Regest.
1301 2625 1385 2652 Vatic-

1818 253 1868 279 An.
1883 253 1911 279 C.
1933 254 1997 281 123¹

1842 712 1952 735 clausum

1801 2317 1921 2339 anco-ntum
1930 2318 1972 2339 Sin

1796 2349 1822 2370 iii
1837 2348 1926 2370 Pericier
1935 2352 1970 2370 sis.
