2129 3223
400 270 443 300 72

387 330 464 360 diam
488 331 606 371 suprad.
623 332 786 362 confirmat.
807 350 846 356 —
860 333 957 363 Tenor
974 342 1095 364 concor-

386 375 450 404 diae
469 381 550 405 actae
569 385 645 406 anno
666 377 751 413 1190,
767 378 856 408 initae
875 379 951 408 inter
968 378 1093 417 capitula

386 417 413 447 S.
433 419 587 449 Alexandri
613 426 641 450 et
659 420 687 450 S.
706 420 852 452 Vincentii
875 423 997 453 civitatis
1020 421 1093 452 Ber-

385 464 545 500 gomensis:
563 465 673 501 —Qua
688 471 827 497 statutum
844 473 887 497 est
904 474 932 497 ut
948 477 1038 498 unum
1058 469 1094 497 sit

385 508 537 547 utriusque
560 509 710 540 Ecclesiae
733 512 903 551 capitulum,
924 522 1000 542 unus
1026 514 1094 542 cho-

384 560 444 588 rus,
458 561 547 582 unum
561 554 719 593 collegium
731 560 759 586 et
771 565 862 585 unum
875 557 1092 595 patrimonium:

381 612 420 618 —
440 595 512 627 Cum
531 599 683 629 nonnullis
703 601 796 639 partis
815 606 842 630 et
863 601 1092 631 conditionibus.

381 657 420 663 —
441 640 595 672 Possessio
615 643 774 674 formaliter
792 650 873 684 capta
895 646 930 675 de
950 645 995 675 his
1018 654 1092 684 quae

382 694 469 725 supra
498 687 621 718 invicem
655 689 886 727 spoponderunt.
919 706 957 712 -—·
987 689 1020 720 Et
1042 699 1113 719 sum

382 731 568 769 perveniente
590 735 696 763 comite
708 733 861 767 Landulfo,
881 734 908 763 in
928 734 1029 764 osculo
1048 743 1092 764 re-

380 780 482 814 ceptus
513 781 567 806 est,
609 794 647 799 —
681 777 826 807 Statutum
861 787 911 817 pro
944 778 1089 816 eligendis

379 818 530 854 fratribus,
554 820 701 850 defunctis
720 820 928 859 subrogandis.
946 839 985 844 —-
999 822 1089 852 Dom-

378 871 433 891 nus
471 862 597 893 Obertus
632 874 772 903 praesens
806 867 991 905 praepositus
1025 867 1090 897 ubi-

377 915 503 946 cumque
523 908 658 945 voluerit,
677 914 822 940 moretur:
845 911 911 940 eius
930 920 997 941 vero
1016 922 1087 941 suc-

376 959 477 980 cessor
488 953 565 991 apud
579 952 735 983 ecclesiam
747 953 774 983 S.
783 953 938 984 Alexandri
951 961 1089 992 moretur,

375 995 433 1025 nisi
455 996 490 1026 de
513 995 637 1026 fratrum
661 1006 808 1026 consensu
831 998 907 1036 apud
931 999 1087 1029 ecclesiam

375 1038 403 1069 S.
436 1039 582 1069 Vincentii
615 1041 723 1070 morari
750 1041 863 1072 debeat.
892 1059 933 1065 —
964 1042 1086 1074 Nomina

152 272 190 299 An
217 273 333 302 C.119c
926 280 1114 303 BULLARtoM

374 1084 494 1113 testium
513 1085 563 1123 qui
582 1085 768 1115 concordiam
789 1088 988 1125 supradictam
1009 1089 1085 1118 inie-
1107 1103 1108 1107 ι

373 1132 451 1165 runt;
468 1144 507 1150 —
527 1127 561 1158 Et
579 1129 698 1159 testium
717 1131 767 1169 qui
790 1131 966 1161 concordiae
985 1132 1088 1162 adfue—

373 1177 439 1201 rant
470 1173 664 1204 confirmatio.
702 1191 742 1197 -—
781 1174 922 1206 Clement.
956 1175 1010 1206 Pe.
1024 1201 1031 1213 ,

375 1215 403 1245 S.
427 1216 458 1246 R.
478 1216 553 1247 Eccl.
575 1218 655 1248 card.
679 1219 922 1259 subscriptiones.

333 1295 454 1325 clemens
471 1297 621 1333 opiscopus.
642 1297 754 1327 dilectis
771 1297 836 1327 tiliis
852 1299 982 1328 alderado
999 1299 1085 1329 archi·

378 1345 499 1379 diacono.
520 1345 618 1376 oborto
640 1346 810 1382 praeposito,
831 1348 861 1376 et
879 1348 1014 1377 univorsis
1030 1349 1105 1395 cle-

378 1394 445 1423 rtcis
459 1395 615 1431 Boi-gomeri.
635 1395 780 1428 Ecclesiae,
802 1396 931 1425 satutem.
1103 1399 1105 1439 j

383 1466 444 1510 Ea,
475 1479 556 1514 quae
580 1476 647 1514 post
671 1468 859 1503 discordiam
888 1478 917 1503 et
951 1478 1084 1505 contro-

144 1514 319 1566 “p⁰·'1'{jsj‘.n
337 1494 467 1550 versiam
488 1516 625 1551 habitam
649 1517 730 1551 inter
748 1526 850 1564 partes
873 1518 994 1553 melioii
1013 1511 1104 1576 con-71

138 1561 141 1563 ’
151 1554 209 1602 ..Ῑι,
214 1579 302 1597 υιιιιιιιι-
335 1565 404 1599 silio
430 1565 600 1600 subsecuto
629 1566 744 1601 fuerint
770 1568 926 1603 amicabili
948 1580 1083 1604 concor-

137 1608 218 1658 smf
215 1613 383 1660 'ffi'ssJ‘dia
412 1615 587 1656 terminata,
622 1624 654 1650 ut
681 1615 889 1652 inviolabilem
921 1617 1081 1653 obtineant

138 1673 175 1688 du·
336 1665 510 1699 firmitatem
546 1675 576 1700 et
611 1664 726 1700 suturis
759 1666 957 1713 temporibus
989 1680 1081 1702 nemo

335 1714 507 1749 tomeritate
547 1714 687 1761 qualibet
721 1714 845 1751 obviare
886 1726 1080 1763 praesumat

335 1764 417 1797 iuxta
444 1763 671 1810 postulantium
697 1764 886 1800 voluntatem
910 1775 1080 1802 consenta-

334 1824 423 1847 neam
442 1814 553 1848 rationi
581 1814 727 1849 convenit
748 1815 792 1849 sic
813 1815 1002 1862 apostolicae
1024 1829 1080 1851 au-
1099 1837 1101 1863 ,ι

333 1863 485 1897 ctoritatis
510 1863 622 1897 robore
648 1864 847 1898 communiri.

381 1911 426 1946 Ea
450 1921 576 1959 propter
604 1913 714 1948 vestris
736 1913 825 1948 iustis
861 1913 1080 1961 postulationi-

148 1962 317 2013 ussffissjjffgt-
333 1960 392 1995 bus
418 1969 606 2007 annuentes,
634 1974 744 2009 paceni
773 1972 803 1998 et
830 1962 1029 1998 concordiam
1050 1974 1079 1999 et

136 1999 176 2043 ιρι
220 2010 221 2014 ’
335 2011 426 2046 vestri
459 2011 582 2058 collegii
619 2012 764 2046 unionem
799 2012 880 2046 inter
914 2025 966 2047 vos
1005 2025 1079 2059 pru-

332 2059 442 2095 denter
468 2069 652 2108 conceptam
688 2069 718 2095 et
752 2062 892 2096 unanimi
922 2062 1079 2098 voluntate

332 2117 502 2157 receptam,
533 2118 626 2157 atque
657 2110 811 2145 redactam
848 2111 879 2145 ιιι
906 2112 1078 2158 scriptum,

331 2159 414 2194 sicut
442 2159 664 2194 rationabiliter
686 2160 764 2195 facta
786 2169 850 2199 est.
874 2169 995 2208 recepta
1023 2174 1078 2208 pa-

333 2209 408 2242 riter
439 2217 469 2243 et
503 2217 635 2253 servata,
669 2209 707 2244 de.
743 2209 871 2244 fratrum
899 2218 1076 2245 nostrorum

332 2270 461 2293 assensu
487 2260 670 2294 auctoritate
705 2259 874 2306 apostolica
909 2261 1078 2295 confirma-

332 2320 402 2342 mus
423 2318 452 2343 et
475 2309 649 2355 praesentis
674 2309 781 2356 scripti
806 2309 978 2356 patrocinio
993 2321 1079 2345 com-

333 2357 503 2393 munimus.
535 2357 585 2393 Ad
620 2358 769 2394 maiorem
801 2371 872 2394 vero
899 2359 1075 2394 firmitatem

152 2438 318 2459 morosum
333 2415 472 2442 tenorem
500 2408 599 2454 ipsius
621 2408 729 2455 scripti
756 2409 795 2442 de
823 2408 915 2444 verbo
936 2409 973 2443 ad
1002 2422 1076 2443 ver-

136 2471 161 2488 ι
163 2472 256 2488 «ιιι-ιιι
278 2475 317 2488 ιιι
333 2456 406 2491 bum
447 2456 596 2492 duximus
637 2458 849 2493 inserendum.

136 2500 243 2551 “,,,’,Ῑο0,ζ
243 2501 459 2557 ¹{1¹:2¹}nomine
493 2518 592 2548 mxc,
631 2506 766 2555 quadam
793 2507 844 2543 die
875 2509 994 2543 mensis
1026 2508 1078 2543 de-

892 2458 924 2493 ln
959 2458 1075 2493 Christi
1096 2474 1097 2484 ι

135 2562 281 2613 §numa
288 2555 479 2613 fftcembris,
505 2568 586 2603 quae
617 2557 673 2592 fuit
701 2556 822 2592 decima
850 2557 909 2592 kat.
933 2558 1075 2602 ianuarii,

136 2627 205 2644 vitat:

150 2655 219 2675 --ffiw
332 2652 483 2688 vincentii
519 2655 757 2690 archidiaconus
786 2668 814 2690 ·n
846 2669 896 2703 pr:-
890 2667 1017 2691 ιρεριιιιει
1046 2666 1075 2691 et

243 2623 291 2643 με,
296 2629 316 2643 .
331 2603 500 2639 indictione
531 2607 564 2650 8
591 2605 628 2640 D.
653 2606 829 2642 Aldeiadus
855 2606 1013 2642 Ecclesiae
1040 2608 1074 2642 S
1094 2622 1097 2627 ·

1142 280 1303 303 Romanum

1135 346 1207 369 cum
1228 335 1413 370 auctoritate
1433 334 1554 371 domini
1582 335 1772 371 Lanfranchi
1802 336 1882 372 Ber-

1134 395 1260 429 gomen.
1302 384 1460 432 episcopi,
1502 395 1533 419 et
1569 386 1600 420 in
1641 386 1817 433 praesentia
1851 395 1881 421 et

1134 445 1291 469 consensu
1328 433 1447 468 domini
1488 435 1599 480 Atgisii
1634 434 1882 471 eiusdem Ec-

1134 483 1246 517 clesiae
1288 483 1547 539 archipresbyteri
1599 493 1630 519 et
1680 484 1879 520 dominorum

1135 532 1273 573 mauistri
1304 532 1384 567 Galli
1419 533 1589 579 primicerii
1626 533 1879 581 presbyterorum

1133 568 1306 620 Guillelmi
1321 590 1351 616 et
1371 582 1481 622 Blasii
1508 591 1537 617 et
1573 582 1656 618 Petri
1691 583 1730 618 de
1760 583 1880 629 But-go

1133 631 1271 678 magistri
1295 631 1423 666 loannis
1444 632 1547 672 Asini
1570 632 1710 678 magistri
1732 619 1882 668 Lanfrim-

1132 680 1183 714 clii
1221 681 1260 715 de
1302 680 1474 725 (hravan,
1514 680 1703 716 Lanfranchi
1742 681 1878 723 Mami-i,

1132 729 1279 765 Beltrami
1308 730 1346 765 (le
1369 729 1462 771 Foro,
1489 729 1598 765 Oberti
1625 730 1785 778 Mapellio,
1812 731 1879 766 En-

1131 779 1239 824 gelerii
1274 779 1443 826 praepositi
1477 779 1516 814 de
1552 778 1710 823 Gratiaco,
1735 780 1876 816 eiusdem

1130 828 1292 864 Ecclesiae
1318 828 1555 869 canonicorum,
1577 837 1606 863 et
1631 830 1758 864 nomine
1784 830 1877 865 etiam

1130 879 1260 913 aliorum
1290 878 1418 912 fratrum
1454 877 1597 913 eiusdem
1632 878 1792 914 Ecclesiae
1818 879 1877 914 ab-

1109 945 1110 948 *
1129 928 1278 968 sentium,
1305 927 1400 974 elegit
1426 926 1590 962 dominum
1612 926 1765 962 Obertum
1780 928 1878 963 eccle-

1129 978 1192 1012 siae
1215 977 1322 1013 Sancti
1345 976 1515 1012 Alexandri
1536 977 1751 1023 praepositum
1774 977 1805 1011 iu
1821 976 1878 1012 fra-

1128 1034 1206 1061 trem
1231 1026 1417 1061 canonicum
1445 1033 1476 1061 et
1489 1035 1717 1073 praepositum
1739 1026 1876 1062 etdom-

1129 1087 1187 1110 nos
1201 1075 1314 1124 presb)
1317 1084 1418 1110 terum
1436 1074 1585 1110 Ioannem
1599 1075 1638 1110 de
1652 1075 1789 1122 Bulgare
1798 1075 1877 1111 Bru-

1129 1137 1257 1165 nacum,
1287 1125 1472 1171 magistrum
1499 1123 1663 1160 Giraldum
1696 1123 1875 1181 Guaseum,

1060 1175 1310 1221 et¹magistrum
1343 1174 1490 1209 loannem
1525 1173 1565 1208 de
1598 1172 1750 1217 Carvico‚
1777 1175 1875 1222 magi-

1126 1231 1225 1258 strum
1247 1223 1420 1270 Rogerium
1436 1223 1475 1257 de
1492 1222 1644 1264 Burdelo,
1665 1221 1873 1259 Guillelmum

1126 1272 1165 1306 de
1186 1272 1251 1319 Zop
1235 1285 1307 1320 ppo
1329 1272 1494 1307 Giraldum
1517 1271 1557 1307 de
1577 1271 1703 1316 Rivula,
1724 1271 1872 1308 Ioannem

1126 1320 1291 1365 Blancum,
1327 1321 1532 1357 Guillelmum
1568 1320 1607 1356 de
1632 1320 1747 1366 Gema,
1775 1321 1874 1357 Albe-

1126 1371 1223 1405 ricum
1252 1370 1378 1406 Guillel
1405 1370 1531 1405 Martini
1559 1370 1697 1406 eiusdem
1720 1371 1872 1407 ecclesiae

1125 1419 1158 1454 S.
1188 1421 1354 1455 Alexandri
1373 1420 1542 1455 canonicos
1564 1419 1605 1454 ibi
1628 1429 1820 1467 praesentes,
1842 1429 1873 1456 et

1124 1478 1264 1504 caeteros
1285 1470 1454 1504 canonicos
1476 1469 1582 1503 Sancti
1606 1469 1786 1514 Alexandri,
1818 1471 1870 1517 qui

1123 1527 1211 1552 erant
1241 1519 1398 1559 absentes
1435 1519 1465 1552 in
1500 1518 1610 1553 fratres
1645 1526 1675 1552 et
1701 1518 1872 1554 canonicos

1123 1567 1274 1603 ecclesiae
1300 1568 1334 1603 S.
1358 1567 1534 1608 Vincentii
1562 1567 1666 1623 ibique
1689 1580 1774 1603 versa
1805 1569 1871 1604 vice

1101 1619 1200 1672 ipse.
1205 1618 1354 1652 dominus
1365 1617 1505 1652 Obertus
1520 1618 1720 1672 praepositus
1739 1618 1769 1652 in
1786 1630 1872 1664 prae·

1122 1667 1220 1702 sentia
1247 1675 1277 1702 et
1310 1679 1381 1702 cum
1409 1667 1592 1701 auctoritate
1614 1666 1787 1721 supradicti
1809 1667 1870 1702 do-

1100 1717 1101 1721 ’
1123 1716 1197 1751 mini
1220 1716 1408 1751 Lanfranchi
1432 1716 1655 1762 Bergomensis
1670 1716 1824 1764 episcopi,
1839 1726 1869 1751 et

1123 1766 1153 1800 in
1189 1767 1363 1813 praesentia
1391 1773 1420 1800 et
1449 1777 1604 1800 consensu
1637 1765 1867 1821 praedictorum

1122 1815 1252 1850 fratrum
1279 1827 1408 1850 suorum
1441 1815 1482 1849 ibi
1504 1815 1729 1862 praesentium,
1750 1822 1781 1850 et
1809 1808 1868 1850 ιιό-

1122 1865 1205 1899 mine
1226 1865 1359 1900 aliorum
1380 1864 1507 1900 fratrum
1531 1876 1658 1898 suorum
1677 1864 1866 1906 absentium,

1120 1913 1213 1960 elegit
1236 1914 1410 1962 praefatum
1436 1913 1474 1948 D.
1498 1913 1691 1948 Adel-ardum
1714 1913 1867 1949 archidia-

1099 1958 1235 1998 *conum
1272 1965 1301 1998 in
1333 1963 1458 1998 fratrem
1487 1963 1672 1997 canonicum
1706 1971 1736 1997 et
1762 1963 1865 1998 archi—

1098 2015 1099 2027 *
1121 2012 1355 2060 presbyterum,
1376 2020 1406 2047 et
1434 2012 1471 2047 D.
1495 2011 1655 2058 Aldigium
1682 2013 1714 2047 in
1741 2012 1864 2048 fratrem

1119 2063 1305 2097 canonicum
1328 2070 1358 2097 et
1379 2061 1698 2109 archipresbyterum,
1720 2069 1750 2096 et
1772 2074 1864 2108 prae-

1120 2111 1198 2147 fatos
1219 2124 1326 2146 eorum
1360 2111 1470 2146 fratres
1500 2120 1561 2145 tam
1596 2111 1636 2145 ibi
1666 2119 1863 2158 praesenteS,

1118 2173 1211 2208 quam
1233 2160 1378 2196 absentes
1400 2162 1430 2195 in
1458 2161 1567 2195 fratres
1593 2169 1621 2194 et
1649 2161 1817 2195 canonicos
1828 2160 1861 2195 S.

1119 2210 1286 2245 Alexandri
1309 2209 1470 2245 ecclesiae.
1493 2209 1580 2252 Quas
1601 2221 1711 2244 omnes
1732 2209 1862 2244 electio-

1120 2272 1174 2294 nes
1203 2261 1233 2294 in
1270 2261 1442 2315 praesentia
1480 2259 1706 2315 praenominati
1741 2259 1860 2294 domini

1118 2310 1255 2356 episcopi
1288 2318 1318 2343 et
1346 2310 1415 2344 eius
1447 2309 1629 2344 auctoritate
1655 2307 1750 2342 factas
1777 2308 1859 2343 idem

1117 2359 1264 2393 dominus
1297 2359 1479 2414 episcop-us
1501 2358 1616 2393 ibidem
1648 2357 1859 2397 confirmavit

1118 2408 1223 2456 ibique
1245 2409 1338 2443 etiam
1361 2417 1391 2443 et
1422 2409 1480 2456 ipsi
1509 2408 1545 2442 D.
1568 2406 1809 2443 archidiaconus
1829 2417 1857 2442 et

1117 2457 1154 2492 D
1177 2457 1314 2493 Obertus
1337 2465 1534 2506 praepositus
1554 2465 1584 2491 et
1605 2457 1714 2503 reliqui
1736 2464 1859 2491 utrius-

1116 2519 1176 2555 que
1199 2508 1349 2542 ecclesiae
1379 2508 1420 2542 ibi
1457 2514 1635 2555 praesentes
1667 2505 1778 2541 fratres
1800 2518 1858 2540 suo

1117 2557 1243 2592 nomine
1270 2568 1299 2592 et
1326 2557 1502 2592 absentium
1526 2569 1554 2590 in
1577 2555 1696 2591 osculis
1720 2555 1856 2590 vicissim

1115 2619 1149 2642 se
1172 2606 1212 2641 ibi
1243 2608 1465 2651 1r21'iaues,u
1505 2617 1598 2653 supra
1626 2604 1749 2660 legitur,
1776 2616 1856 2640 rece

1117 2665 1236 2701 pertint
1263 2658 1440 2691 Statuentes
1463 2656 1541 2689 inter
1563 2667 1596 2688 se
1618 2655 1753 2689 vicissim
1772 2666 1857 2701 prae-

1895 284 1945 310 An.
1958 282 1986 310 C.
2007 284 2075 312 ¹¹90
