2129 3223
383 259 453 292 670

332 327 481 356 Alexander
500 326 642 361 episcopus
652 332 746 354 servus
759 332 897 355 servorum
906 326 962 359 Dei.
974 326 1085 355 dilectis

376 376 441 404 tuiis
455 394 528 403 .....
548 374 686 404 fratribus
706 376 737 404 do
769 376 860 404 ordine
879 376 1020 408 minorum.
1041 376 1084 403 in-

376 425 555 461 quisitoribus
573 425 730 454 haereticae
753 426 903 461 pravitatis
937 426 965 453 in
998 425 1082 453 admi-

375 475 539 504 nistratione
559 475 651 504 sancti
671 475 814 507 Francisci,
835 475 953 502 salutem
970 474 999 502 et
1019 480 1082 509 apo·

375 524 503 553 stolieam
521 524 744 553 benedictionem.

137 270 187 297 An.
207 269 319 297 (1.1260

381 591 573 638 Cupientes,
609 599 642 626 ut
673 591 887 646 inquisitionis
920 590 1080 637 negotium

147 642 184 694 fs!
189 644 241 694 “¹35³
257 649 316 664 ⁶⁰¹³
330 651 438 676 contra
458 640 647 676 haereticam
672 641 855 688 pravitatem
876 640 1080 674 sollicitudini

133 680 316 724 ἶριῖῗιζςωῖιω
332 700 452 725 vestrae
473 689 690 729 commissum,
724 690 762 724 ad
799 690 854 723 Dei
887 689 1016 735 gloriam
1052 697 1080 723 et

330 747 534 786 augmentum
571 739 643 774 fidei
679 739 866 783 catholicae,
901 740 931 772 in
964 739 1080 772 nostris

331 788 478 823 manibus
518 788 649 823 feliciter
684 795 904 835 prosperetur,
927 787 1080 834 ‘compel-

330 838 426 881 lendi,
453 838 663 884 appellatione
690 845 820 877 remota,
844 849 899 883 per
912 848 1077 871 censuram

328 887 586 927 ecclesiasticam,
621 898 676 933 per
708 898 774 926 vos,
814 886 860 920 vel
897 897 952 932 per
989 886 1078 927 alios,

328 948 407 984 quos
428 936 465 971 ad
498 936 558 970 hoc
584 935 715 970 idoneos
746 947 811 974 vos,
846 934 891 969 vel
922 934 999 969 alter
1025 948 1078 969 ve-

327 994 427 1020 strum
462 985 616 1019 duxeritis
642 984 816 1031 eligendos,
851 995 962 1019 omnes
996 983 1077 1028 illos,

326 1035 381 1081 qui
407 1033 522 1089 scripta
545 1033 590 1068 vel
624 1033 833 1068 instrumenta
850 1032 1077 1080 inquisitionis,

327 1084 374 1118 vel
413 1083 451 1118 ad
492 1084 560 1118 eius
595 1082 732 1117 officium
772 1081 981 1137 pertinentia,
1022 1094 1078 1129 per

326 1144 545 1180 quoscumque
572 1132 724 1166 hactenus
746 1131 836 1172 facta,
858 1143 894 1166 ac
914 1131 1007 1166 etiam
1030 1131 1077 1166 fa·-

326 1182 436 1217 cienda
464 1190 572 1217 contra
606 1181 790 1224 haereticos,
812 1180 990 1221 credentes,
1026 1193 1077 1215 ie-

325 1239 511 1278 ceptatores,
530 1230 666 1265 fautores
687 1242 743 1265 seu
766 1229 950 1264 defensores
966 1241 1073 1264 eorum

325 1280 441 1315 liabent
464 1280 510 1315 vel
533 1279 713 1320 habuerint,
740 1288 774 1313 ut
804 1291 838 1314 ea
872 1279 940 1313 sine
967 1279 1075 1314 cuius-

325 1329 401 1364 libet
421 1329 614 1364 difficultatis
632 1341 688 1363 seu
711 1328 874 1363 dilationis
895 1327 1074 1374 dispendio,

326 1378 413 1413 vobis
447 1378 495 1413 vel
523 1377 611 1412 alteri
634 1386 771 1412 vestrum
795 1377 977 1412 exhibeant.

373 1427 447 1474 Sl.
487 1426 616 1461 Necnon
650 1426 831 1461 absolvendi
866 1439 880 1460 a
918 1427 1072 1461 sententia

325 1476 661 1510 excommunicationis
691 1488 802 1509 omnes
830 1475 909 1516 illos,
938 1476 989 1522 qui
1026 1476 1073 1509 di-

325 1525 419 1560 missa
445 1525 674 1560 haereticorum
699 1524 842 1571 perfidia,
863 1523 901 1558 ad
923 1524 1070 1559 unitatem

324 1574 495 1609 catholicae
513 1573 583 1608 fidei
606 1573 703 1608 libere
731 1585 767 1607 ac
789 1573 950 1607 humiliter
968 1573 1071 1607 redire

324 1623 491 1668 voluerint,
513 1632 544 1657 et
565 1623 740 1662 credentes,
765 1630 985 1669 receptatores,
1009 1622 1073 1655 fau-

324 1680 407 1707 tores
443 1684 478 1707 ac
518 1672 702 1706 defensores
739 1683 867 1715 eorum,
902 1683 938 1705 ac
978 1672 1070 1706 ctiam

324 1721 545 1756 reconciliandi
561 1733 615 1756 eos
630 1720 803 1760 Ecclesiae,
822 1733 837 1754 a
855 1732 916 1766 qua
940 1731 1073 1755 noscun-

323 1778 374 1805 tur
403 1769 558 1805 diabolica
580 1770 785 1817 suggestione
808 1769 952 1816 praecisi.

371 1820 391 1866 g
417 1824 450 1854 2.
478 1818 744 1866 Convocandique
770 1818 888 1853 clerum
917 1826 947 1852 et
975 1831 1073 1865 popu-

322 1868 387 1903 lum
429 1869 609 1909 civitatum,
649 1876 840 1908 castrorum,
876 1867 1072 1915 aliorumque

323 1917 464 1953 locorum
491 1926 599 1953 contra
622 1918 714 1952 tales:
744 1918 785 1952 ita
812 1925 844 1951 ut
868 1918 899 1950 in
935 1916 1072 1952 ferendis

321 1967 487 2002 sententiis
513 1974 620 2003 contra
643 1968 727 2014 ipsos
756 1966 881 2014 possitis
903 1966 1020 2013 peritos
1041 1975 1071 2001 et

321 2016 488 2059 discretos,
512 2024 605 2064 prout
630 2016 814 2063 expedierit,
834 2015 995 2050 adv-ocare

370 2065 390 2112 S
413 2068 444 2100 5.
473 2066 575 2100 Dandi
602 2077 728 2112 quoque
750 2064 899 2099 omnibus
921 2064 1072 2099 acceden-

322 2114 406 2149 tibus
435 2115 473 2149 ad
502 2115 694 2150 vocationem
724 2113 918 2157 huiusmodi,
940 2114 1072 2148 auctori-

322 2171 383 2198 tate
411 2173 530 2209 nostra,
565 2163 772 2211 quadraginta
801 2163 923 2197 dierum
960 2162 1072 2197 indul—

321 2221 469 2259 gentiam.

369 2263 389 2309 S
420 2265 452 2296 4.
483 2261 680 2296 Procedendi
717 2261 809 2295 etiam
844 2268 951 2295 contra
989 2260 1071 2301 illos,

321 2324 401 2358 quos
419 2311 449 2346 in
469 2311 550 2346 dicta
576 2311 737 2358 provincia
768 2310 964 2344 commisisse
993 2322 1070 2344 con-

321 2366 445 2404 stiterit,
469 2365 542 2400 licet
569 2364 606 2399 ad
635 2364 710 2399 alias
739 2371 841 2410 partes
863 2376 896 2398 se
924 2364 1072 2398 duxerint

323 2418 574 2453 transferendos:
598 2429 721 2452 necnon
745 2425 775 2452 et
793 2424 827 2451 ut
842 2418 872 2451 in
888 2417 999 2452 eodem
1015 2429 1072 2451 ne-

321 2473 406 2517 gotio
440 2471 627 2516 summarie,
660 2471 780 2518 absque
820 2471 1007 2505 iudiciorum
1042 2478 1073 2505 et

322 2526 544 2560 advocatorum
568 2524 701 2572 strepitu
727 2524 900 2572 procedere
935 2525 1071 2561 valeatis

321 2579 506 2614 auctoritate
530 2578 741 2626 praesentium
772 2578 861 2613 vobis
887 2586 917 2613 et
944 2578 1073 2613 cuilibet

322 2638 458 2665 vestrum
487 2632 691 2667 concedimus
718 2632 905 2666 facultatem.
935 2631 1073 2666 Contra-

132 738 159 760 pti
163 741 190 754 tri
195 741 203 754 s
218 738 316 770 spectari·

132 769 164 785 tes
180 766 204 785 ad
225 766 293 792 inquis
297 766 315 786 i—

131 799 217 815 tionem.

140 1477 310 1505 <absolvendique

127 1508 241 1529 redeuntes
285 1509 310 1528 ad

128 1536 211 1561 Fidem;

151 1864 284 1886 Convocandi

125 1896 203 1915 elerum
226 1898 245 1914 et
269 1901 309 1921 po-

126 1926 207 1952 pulum,

146 2105 289 2130 indulgentias

151 2136 278 2162 elargiendi.

137 2305 161 2326 Et
195 2310 306 2328 summarie

124 2339 198 2357 eontra
234 2342 306 2358 omnes

125 2367 263 2391 procedendi:

913 268 1100 292 BULLARIUM
1123 269 1286 292 ROMANUM

1124 322 1259 357 dictores
1305 335 1359 370 per
1398 335 1561 365 censuram
1607 323 1869 366 ecclesiasticam,

1123 372 1332 419 appellatione
1350 373 1531 419 postposita,
1551 373 1796 427 compescendo

1172 421 1191 467 ἓ
1219 423 1251 456 5.
1274 421 1345 456 Νοη
1371 422 1568 457 obstantibus
1595 434 1618 456 5ι
1648 422 1805 470 aliquibus
1832 422 1871 458 sit
1897 435 2067 464 Quibuscumquo

1124 470 1280 505 indultum
1303 470 1342 505 ab
1360 471 1471 506 eadem
1490 471 1584 512 Sede,
1607 473 1692 527 quod
1716 471 1870 511 interdici,
1884 472 1930 518 ζζξ,
1961 466 2068 488 ‘'mm‘'

1123 520 1285 566 suspendi,
1307 520 1355 555 vel
1377 521 1640 556 excommunicari
1665 533 1727 556 non
1750 520 1872 568 possint

1124 581 1179 615 per
1213 569 1330 604 litteras
1362 570 1558 616 apostolicas,
1594 570 1653 605 nisi
1689 570 1812 617 plenam
1840 578 1872 605 et

1122 631 1314 665 expressam,
1343 619 1389 654 vel
1417 619 1454 653 de
1487 619 1582 654 verbo
1608 619 1645 654 ad
1669 619 1798 654 verbum
1823 621 1869 655 fea

1122 668 1220 703 cerint
1258 668 1468 703 mentionem:
1503 677 1534 703 et
1572 669 1796 704 constitutione
1830 669 1870 705 de

1121 716 1244 751 duabus
1267 717 1359 751 dietis
1380 717 1460 751 edita
1484 718 1512 751 in
1541 718 1674 752 concilio
1696 718 1843 764 generali.

1170 766 1285 801 Datum
1314 767 1477 813 Anagniae
1504 774 1616 814 quarto
1639 779 1737 802 nonas
1756 768 1869 812 martii,

1122 816 1320 862 pontificatus
1343 816 1440 851 nostri
1463 828 1546 850 atino
1573 824 1670 851 sexto.

1161 877 1221 907 Dat.
1241 877 1287 907 die
1305 878 1323 907 4
1347 878 1441 907 martii
1463 877 1547 913 1260,
1576 878 1677 917 pontif.
1695 887 1770 908 anno
1793 887 1829 908 Vi.

1430 962 1547 969 ——-

1456 1061 1537 1096 LIII.

1120 1143 1269 1180 Praelati,
1296 1143 1487 1176 ecclesiastici
1511 1149 1538 1176 et
1559 1143 1618 1176 alii
1637 1154 1738 1176 omnes
1766 1144 1870 1177 clerici

1165 1192 1389 1237 quomodolibet
1415 1193 1559 1236 exempli,
1588 1192 1692 1225 statim
1717 1194 1867 1237 requisiti,

1162 1242 1346 1285 provideant
1373 1241 1618 1285 inquisitoribus,
1639 1252 1803 1286 eorumque
1824 1253 1868 1274 so-

1164 1292 1234 1327 ciis,
1257 1291 1293 1323 de
1313 1291 1399 1323 salvo
1425 1291 1583 1323 conductu.

1114 1379 1263 1407 Alexander
1282 1378 1423 1413 episcopus
1442 1385 1537 1406 servus
1553 1384 1693 1407 servorum
1701 1378 1758 1411 Dei.
1789 1385 1866 1407 vene·

1158 1426 1292 1455 rabilibus
1319 1426 1458 1454 fratribus
1482 1426 1703 1462 archiepiscopis.
1724 1427 1865 1464 episcopis,

1158 1478 1188 1504 et
1222 1475 1330 1504 dilectis
1349 1475 1416 1503 filiis
1434 1475 1588 1508 abbatibus,
1608 1475 1753 1512 prioribus,
1780 1477 1866 1506 archi·

1157 1524 1287 1556 diaconis.
1305 1524 1562 1561 archipresbyteris,
1583 1525 1760 1560 praepositis,
1773 1526 1868 1561 pleba-

1158 1574 1210 1605 nis,
1231 1574 1261 1601 et
1279 1572 1344 1601 aliis
1367 1572 1546 1601 Ecclesiarum
1574 1573 1710 1609 praetatis
1733 1576 1762 1603 at
1785 1575 1868 1605 cleri-

1156 1622 1195 1650 cis
1214 1621 1354 1656 religiosis
1376 1622 1405 1650 et
1429 1622 1623 1656 saecularibus,
1639 1623 1699 1651 tam
1720 1625 1866 1660 exemptis.

1157 1677 1237 1707 quarn
1253 1677 1305 1698 non
1316 1670 1452 1705 exemptis
1467 1677 1515 1706 per
1530 1671 1695 1706 provinciam
1710 1673 1864 1707 Romanam.

1157 1727 1225 1756 quae
1244 1720 1368 1748 continet
1385 1719 1481 1748 Urbem
1500 1726 1559 1748 cum
1578 1727 1626 1749 suo
1652 1722 1797 1756 districta.
1817 1730 1867 1758 pa-

1156 1769 1317 1797 trimonium
1335 1768 1413 1796 Beati
1427 1768 1500 1797 Petri
1523 1769 1550 1797 in
1569 1769 1693 1803 Thuseia.
1731 1771 1864 1805 Sablnam.

1156 1818 1240 1846 Reate
1259 1824 1318 1846 oum
1337 1823 1388 1845 sua
1406 1817 1535 1851 dioecesi.
1560 1817 1733 1854 campaniam
1761 1821 1789 1850 et
1809 1821 1864 1850 itta·

1156 1868 1280 1896 ritimam
1311 1866 1481 1900 constitutis,
1502 1868 1536 1896 ad
1562 1874 1629 1904 quos
1647 1868 1762 1898 litterae
1792 1871 1865 1899 istae

1156 1917 1342 1952 pervenerint,
1381 1916 1500 1945 salutem
1525 1917 1553 1945 et
1571 1917 1751 1953 apostolicam
1786 1919 1864 1948 bene·

1156 1965 1316 1994 dictionem.

1162 2040 1210 2074 Ad
1248 2039 1467 2088 extirpandam
1506 2040 1545 2076 de
1578 2041 1718 2088 partibus
1751 2042 1864 2078 vestris

1113 2090 1303 2125 haereticam
1331 2090 1515 2137 pravitatem
1540 2091 1612 2125 totis
1633 2090 1795 2127 affectibus
1814 2092 1864 2126 in-

1113 2138 1291 2181 tendentes,
1311 2139 1547 2186 inquisitionem
1570 2140 1746 2176 faciendam
1770 2141 1798 2175 in
1827 2141 1865 2175 it-

1113 2188 1151 2222 lis
1178 2189 1317 2235 partibus
1352 2198 1459 2223 contra
1495 2201 1656 2236 respersos
1682 2189 1864 2226 huiusmodi

1114 2238 1275 2284 pravitate,
1297 2238 1413 2272 dilecto
1445 2238 1509 2273 filio
1541 2239 1625 2273 fratri
1659 2238 1793 2274 Andreae
1824 2239 1862 2274 de

1113 2286 1224 2321 ordine
1240 2288 1397 2322 Minorum
1415 2287 1564 2323 duximus
1581 2288 1849 2323 committendam.

1162 2336 1181 2382 S
1202 2339 1233 2369 t.
1252 2336 1293 2371 Ut
1316 2336 1410 2382 igitur
1428 2337 1510 2371 idem
1533 2337 1626 2373 frater
1649 2344 1748 2373 vestro
1767 2337 1864 2372 fultus

1114 2398 1160 2432 pi
1152 2385 1282 2430 tesidto,
1318 2386 1349 2420 in
1377 2387 1547 2421 commisso
1578 2386 1636 2421 sibi
1664 2387 1791 2433 negotio
1815 2387 1864 2421 in-

1113 2434 1306 2489 quisitionis,
1339 2433 1407 2469 Deo
1435 2436 1582 2483 propitio,
1609 2434 1707 2470 valeat
1729 2447 1863 2483 prospe-

1113 2483 1184 2527 r·aii,
1213 2484 1450 2519 universitatem
1484 2492 1617 2519 vestram
1655 2496 1802 2530 rogamus
1832 2493 1863 2519 et

1113 2531 1276 2567 hortamur
1296 2541 1428 2575 attente,
1459 2533 1489 2568 in
1526 2533 1636 2568 virtute
1667 2533 1862 2569 obedientiae

1113 2594 1148 2616 ac
1189 2582 1249 2617 sub
1291 2594 1389 2630 poena
1430 2583 1764 2623 excommunicationis
1807 2595 1862 2632 per

1113 2632 1283 2678 apostolica
1299 2632 1386 2667 vobis
1403 2633 1518 2676 scripta
1537 2632 1762 2683 praecipiendo
1778 2644 1864 2669 man-

1885 269 1936 296 An.
1955 267 1984 295 Cr.
1998 268 2067 296 ¹260

2096 1444 2114 1485 :su
2098 1386 2114 1432 Διΐ,
2098 1353 2103 1369 ⁶·
2096 1322 2117 1337 ῥ’
2099 1267 2114 1309 >³5
2099 1215 2112 1255 ,ων

2087 1535 2118 1714 -Ᾰττξὸξῃχιῖςζιᾲ
2101 1524 2108 1530 .
2107 1514 2113 1518 ,
2102 1499 2110 1509 «

2082 2120 2086 2129 ’
2081 1779 2117 2107 ι·τ·η4ιοεν.5ς;;(-;ῥ.»ῑ-;·-τιᾱκ-,-
2092 1723 2112 1767 <a
