2129 3223
354 263 421 296 -584

302 337 370 362 cant
388 328 550 374 hymnum,
570 335 585 357 e
602 329 731 368 tponant
754 329 853 355 castr-:1
877 319 933 354 Dei
956 330 1046 354 exer-

301 377 419 411 cituum
442 385 535 418 super
562 383 656 406 mare.

349 427 429 474 5⁹2.
464 422 550 457 Novo
586 421 680 467 igitur
711 419 826 454 Israele
861 419 913 453 his
948 418 1047 453 tribus

119 482 141 496 ”⁵
153 487 174 501 *¹¹
185 481 286 501 ΟΜΝ
301 474 490 524 agminibus,
506 471 617 506 turmis
633 469 772 509 totidem,
787 482 865 516 quas
876 468 1044 504 Philistiim

105 518 201 532 ‘mim
301 527 449 563 fecerant,
471 528 668 558 occurrente,
684 520 756 554 hora
775 518 954 557 undecima,
974 529 1045 552 cum

300 576 368 610 dies
405 573 466 608 iam
497 570 682 606 declinasset
723 568 760 603 ad
797 580 976 616 vesperam,
1016 574 1047 601 et

302 632 427 672 propter
454 620 628 668 iniquitatis
661 617 904 661 abundantiam,
938 616 1046 652 chari-

300 682 360 709 tate
376 671 545 721 plurimum
570 669 768 716 frigescente,
791 675 931 712 vergeret
958 666 1046 700 iusti-

300 725 359 759 tiae
387 722 492 757 radius
514 719 550 754 ad
571 730 735 757 occasum,
758 718 829 764 quia
852 717 987 759 vineam,
1009 715 1045 749 ad

300 785 393 821 quam
418 768 639 819 paterfamilias
655 768 814 814 operarios
826 765 958 800 diversis
973 772 1047 799 tern-

301 822 431 869 poribus
466 818 583 855 denarii
626 816 800 852 conductos
839 815 1047 849 conventione

300 870 516 920 praemiserat,
538 876 566 902 et
594 879 687 914 quam
719 878 772 900 sua
805 865 929 899 dextera
964 863 1047 911 plan>

300 928 393 961 tamt,
407 931 468 954 non
489 917 592 954 solum
607 916 752 951 vitiorum
769 927 877 961 vepres
895 923 923 948 et
938 914 1047 960 spinae

301 976 516 1018 pervaserant,
544 966 599 1001 sed
633 966 692 1000 iam
717 963 947 1012 propemodum
980 962 1047 996 vul-

303 1019 431 1068 peculae
449 1015 668 1057 demolientes,
680 1021 861 1049 convertere
879 1013 909 1047 in
931 1012 1048 1046 alienae

302 1069 373 1104 vitis
393 1065 633 1103 amaritudinem
662 1062 876 1099 intendebant,
899 1061 1048 1096 adversus

300 1117 535 1154 infestissimam
553 1112 799 1152 multitudinem,
814 1111 954 1146 militiam
970 1111 1048 1145 adu-

303 1180 377 1203 nare
417 1165 514 1201 voluit
548 1162 783 1212 promptiorem.
820 1160 857 1194 Et
895 1161 977 1196 sicut
999 1160 1049 1194 in-

303 1216 548 1264 praesentiarum
566 1212 725 1247 cernimus
747 1219 815 1258 post
838 1211 930 1245 trium
951 1210 1049 1256 signis

301 1265 517 1301 differentium
554 1261 703 1310 tyrocinia
740 1260 977 1307 quadrigarum,
1018 1259 1046 1292 in

301 1315 454 1362 quadriga
481 1321 588 1360 quarta
625 1322 725 1358 equos
764 1309 862 1343 iarios
889 1318 917 1343 et
955 1308 1048 1342 robu-

301 1373 380 1408 stos,
401 1362 657 1398 praedicatorum
684 1367 715 1394 et
737 1359 895 1393 Minorum
919 1358 1047 1393 fratrum

302 1414 424 1459 agmina
459 1423 528 1446 curn
567 1409 676 1444 electis
713 1407 846 1442 ducibus
886 1407 979 1442 simul
1017 1407 1046 1440 in

302 1461 454 1510 praelium
478 1459 666 1501 directurus,
688 1457 830 1504 spiritum
853 1457 950 1491 saneti
979 1455 1049 1490 Do-

302 1511 412 1546 minici
439 1509 622 1551 suscitavit,
649 1516 678 1542 et
705 1507 731 1541 ei
759 1508 844 1540 velut
865 1518 947 1553 equo
973 1517 1049 1540 suae

301 1560 418 1607 gloriae
453 1558 606 1606 praebens
643 1555 714 1590 fidei
750 1554 984 1593 fortitudinem,
1020 1563 1049 1589 et

302 1610 455 1646 servorem
489 1606 611 1642 divinae
640 1604 880 1653 praedicationis
894 1603 1049 1652 hynitum,

303 1656 512 1694 circumdedit
549 1655 629 1691 collo
668 1655 746 1689 eius.
782 1653 842 1695 Qui
883 1665 996 1699 gerens
1033 1665 1048 1686 a

306 1708 436 1755 pueritia
468 1719 522 1741 cor
553 1704 662 1743 senile,
685 1717 719 1738 ac
746 1704 777 1737 in
812 1702 1050 1737 mortificatione

303 1757 405 1792 carnis
443 1755 562 1802 eligens
606 1754 724 1793 vivere,
765 1752 844 1786 vitae
888 1751 1050 1798 requisivit

304 1815 477 1845 auctorem,
493 1812 523 1840 et
532 1803 599 1839 Deo
609 1802 745 1845 deditus,
760 1813 795 1837 ac
809 1800 841 1835 in
859 1799 1050 1835 Nazaraeum

304 1855 364 1890 sub
398 1854 479 1890 beati
514 1852 684 1901 Augustini
714 1851 820 1897 regula
850 1859 1052 1884 consecratus

305 1904 448 1940 sedulum
485 1903 568 1938 circa
589 1909 706 1942 sancta,
730 1899 887 1935 Samuelis
913 1899 1052 1934 imitatus

306 1953 507 2001 obsequium,
535 1953 564 1986 in
592 1950 792 1997 castigatione
813 1949 959 1984 desiderii
982 1949 1054 1995 piis-

306 2004 421 2040 simum
444 2001 585 2038 Danielis
607 2000 797 2035 continuavit
825 1998 982 2039 affectum,
1004 1998 1052 2032 iu·-

308 2053 408 2088 stitiae
423 2051 560 2091 semitas,
579 2059 609 2086 et
631 2057 811 2085 sanctorum
826 2048 890 2083 vias
906 2055 1052 2083 strenuus

308 2102 423 2138 athleta
444 2101 639 2143 custodiens,
668 2107 698 2134 et
726 2098 807 2134 velut
840 2098 876 2132 ad
916 2109 1052 2131 momen—

311 2162 375 2187 tum
398 2151 437 2186 de
456 2149 656 2186 tabernaculo
673 2147 813 2189 Domini,
835 2147 873 2182 de
893 2147 1053 2181 militantis

311 2200 468 2237 Ecclesiae
508 2199 686 2246 magisterio
720 2210 756 2233 ac
787 2196 957 2232 ministerio
991 2208 1051 2230 non

310 2250 487 2291 discedens,
498 2261 622 2285 carnem
633 2248 766 2295 spiritui,
778 2254 808 2282 et
819 2246 1052 2281 sensualitatem

311 2300 483 2336 subiiciens
513 2299 641 2339 rationi,
673 2306 701 2332 et
734 2297 835 2332 factus
869 2309 949 2330 uuus
982 2307 1052 2330 cnm

312 2350 378 2385 Deo
400 2350 540 2398 spiritus,
559 2356 644 2384 totus
666 2348 695 2382 in
722 2359 793 2382 euin
819 2358 874 2394 per
891 2357 1052 2380 excessum

313 2400 425 2435 mentis
451 2409 580 2447 pergere
607 2396 737 2438 studuit,
766 2404 795 2431 et
822 2395 943 2431 sobriae
969 2407 1055 2430 con]—

315 2449 466 2496 passionis
488 2448 612 2489 studiis,
630 2460 648 2483 a
668 2446 815 2482 charitate
838 2445 968 2492 proximi
993 2457 1054 2479 non

315 2498 449 2534 recessit.
472 2497 543 2540 Quo
566 2497 728 2544 sagittante
750 2495 878 2530 delicias
904 2494 1054 2537 carnium,

315 2555 345 2581 et
372 2547 548 2594 fulgurante
570 2555 690 2582 mentes
716 2545 853 2593 lapideas
875 2544 1055 2591 impiorum,

316 2596 418 2631 omnis
457 2595 682 2632 haereticorum
726 2603 808 2630 secta
849 2592 1054 2633 contremuit,

111 276 160 302 An.
178 276 206 302 C.
223 276 286 302 125'1

875 264 1060 288 nr1.1..-tmt·x1
1088 263 1177 286 ROMA
1183 263 1249 285 Nm

1844 262 1893 288 An.
1911 260 1942 288 C.
1955 260 2020 289 ¹2³³

1086 326 1244 352 crescente
1262 317 1358 352 crevit
1379 324 1407 351 et
1428 316 1536 363 gratia.
1564 315 1826 364 Quandoquidem

1088 366 1306 414 inexplicabile
1326 366 1476 414 gaudium
1498 366 1537 401 de
1557 366 1623 401 zelo
1646 365 1829 413 concipiens

1087 417 1274 461 animarum,
1308 416 1345 451 ad
1380 415 1504 463 eloquia
1543 415 1600 451 Dei
1636 414 1723 449 dedit
1760 416 1829 450 ani-

1088 479 1186 505 mum,
1214 475 1244 501 et
1266 478 1320 512 per
1350 465 1561 512 Evangelium
1599 464 1717 500 Christi
1752 464 1828 500 mul·

1088 525 1135 552 tos
1168 528 1323 564 generans
1352 515 1382 550 in
1417 515 1621 550 conversione
1654 522 1716 549 tam
1749 522 1829 550 stre-

1088 579 1166 602 nuae
1196 564 1410 601 multitudinis
1447 563 1644 610 evangelicae
1670 563 1830 610 dignitatis

1088 616 1224 652 officium
1261 615 1448 663 profitentis,
1482 625 1596 648 nomen
1623 621 1654 649 et
1685 625 1765 661 opus
1798 614 1829 649 in

1087 674 1166 701 terra
1194 665 1309 700 meruit
1340 664 1482 699 obtinere
1521 663 1686 698 maiorum.
1719 663 1830 698 Pastor

1087 725 1116 750 et
1129 715 1192 751 dux
1204 715 1338 762 inclytus
1351 713 1380 747 in
1396 713 1511 761 populo
1520 712 1578 747 Dei
1591 712 1703 753 factus,
1715 724 1828 748 novum

1087 765 1339 800 praedicatorum
1367 763 1510 798 ordinem
1538 762 1673 797 instituit
1699 762 1830 806 meritis,

1087 814 1239 850 ordinavit
1265 812 1428 860 exemplis,
1451 824 1510 847 nec
1531 811 1688 847 miraculis
1715 811 1831 847 confir-

1088 877 1172 899 mare
1198 863 1289 897 desiit
1311 861 1510 898 evidentibus
1527 868 1557 896 et
1576 861 1725 908 probatis.

1136 918 1151 957 g
1179 915 1210 947 5.
1237 912 1314 947 Nam
1354 912 1432 946 inter
1467 922 1561 958 opera
1595 910 1779 951 sanctitatis,
1801 918 1831 945 et

1088 964 1178 1009 signa
1205 962 1341 1002 virtutis,
1376 961 1489 1008 quibus
1520 960 1549 993 iu
1583 973 1677 995 carne
1712 961 1831 1008 positus

1088 1012 1217 1052 claruit,
1247 1010 1441 1046 diversorum
1469 1010 1585 1044 curatis
1617 1009 1831 1057 languoribus,

1089 1061 1211 1109 loquela
1241 1060 1346 1101 mutis,
1362 1060 1428 1095 visu
1453 1059 1566 1103 caecis,
1587 1058 1692 1094 surdis
1710 1058 1832 1102 auditu,

1088 1124 1196 1158 gressu
1220 1109 1396 1159 paralyticis
1411 1116 1442 1143 et
1456 1109 1588 1144 sanitate
1611 1109 1739 1156 pristina
1756 1108 1834 1143 mul-

1090 1170 1189 1196 tarum
1212 1159 1381 1207 generibus
1404 1157 1644 1193 invalitudinum
1671 1158 1833 1196 restitutis,

1089 1219 1195 1258 aperte
1224 1210 1333 1256 patuit,
1355 1207 1456 1255 qualis
1487 1207 1616 1254 spiritus
1639 1207 1667 1241 in
1694 1207 1833 1242 eiusdem

1089 1259 1276 1295 sanctissimi
1299 1258 1385 1304 gleba
1409 1257 1549 1304 corporis
1569 1256 1728 1291 habitavit.
1751 1256 1832 1292 Cum

1090 1309 1185 1356 igitur
1203 1321 1241 1344 ex
1259 1307 1354 1343 multa
1374 1306 1594 1351 familiaritate,
1616 1318 1710 1353 quam
1732 1305 1835 1341 nobis-

1090 1371 1161 1394 cum
1185 1359 1214 1393 in
1243 1357 1357 1392 minori
1381 1356 1560 1391 constitutis
1587 1355 1691 1390 officio
1712 1354 1833 1394 habuit.

1089 1415 1271 1454 argumenta
1315 1405 1485 1441 sanctitatis
1518 1406 1618 1452 ipsius
1648 1417 1684 1439 ex
1718 1405 1832 1451 insigni

1091 1459 1170 1492 vitae
1210 1456 1387 1491 testimonio
1414 1455 1647 1497 constitissent,
1690 1460 1834 1501 essetque

1091 1506 1290 1553 postmodum
1319 1505 1357 1540 de
1385 1504 1605 1539 miraculorum
1631 1503 1758 1539 veritate
1784 1503 1834 1538 di-

1090 1564 1211 1590 ctorum
1259 1555 1337 1589 facta
1365 1553 1456 1588 nobis
1492 1566 1546 1600 per
1580 1561 1675 1588 testes
1703 1552 1835 1588 idoneos

1092 1606 1179 1652 plena
1203 1604 1293 1643 fides3

1139 1654 1158 1701 g
1182 1656 1212 1688 4.
1241 1653 1305 1688 Nos
1326 1665 1397 1687 cum
1429 1651 1600 1687 commisso
1622 1651 1712 1686 nobis
1738 1663 1834 1698 grege
1861 1667 1892 1687 s..
1918 1666 2030 1693 minim

1091 1703 1217 1738 Domini
1245 1701 1439 1738 confidentes
1468 1702 1538 1736 eius
1565 1713 1656 1747 posse
1677 1697 1981 1746 suffragiis³⁸'⁶'⁵“''“·

1093 1765 1147 1800 per
1168 1752 1224 1787 Dei
1249 1751 1498 1786 misericordiam
1517 1750 1668 1793 adiuvari,
1686 1758 1719 1784 ut
1746 1749 1836 1784 cuius

1092 1803 1122 1836 in
1150 1801 1240 1836 terris
1267 1800 1414 1836 solatium
1443 1800 1596 1847 gratiosae
1617 1798 1837 1834 familiaritatis

1093 1850 1207 1886 habere
1235 1850 1418 1889 meruimus,
1446 1850 1515 1885 eins
1541 1849 1572 1883 in
1594 1848 1690 1883 coelis
1718 1848 1835 1894 potenti

1094 1900 1267 1947 patrocinio
1288 1899 1496 1946 gaudeamus3
1518 1899 1624 1946 ipsum
1644 1897 1683 1932 de
1707 1897 1835 1932 fratrum

1094 1957 1270 1985 nostrorum
1293 1949 1424 1984 consilio
1439 1958 1469 1985 et
1484 1959 1627 1992 assensu,
1645 1959 1680 1983 ac
1694 1946 1835 1983 omnium

1093 2008 1166 2034 tunc
1187 2000 1269 2046 apud
1292 1999 1407 2034 Sedem
1430 1997 1645 2045 Apostolicam
1664 1997 1837 2032 consisten-

1094 2049 1169 2083 tium
1206 2048 1430 2096 praelatorum,
1463 2046 1625 2093 cathalogo
1656 2055 1834 2082 sanctorum

1093 2097 1227 2133 adscribi
1249 2098 1458 2133 decrevimus.

1142 2148 1162 2195 5
1185 2149 1217 2182 5.
1240 2147 1420 2183 Statuentes
1447 2146 1587 2187 firmiter,
1616 2158 1652 2180 ac
1682 2145 1835 2180 universi·
1863 2149 2033 2186 eru-eotenus-

1095 2198 1147 2232 tati
1176 2205 1294 2232 vestrae
1326 2195 1541 2244 praesentibus
1563 2195 1776 2242 iniungentes,
1804 2180 2033 2237 utr‘iasirigiiit'ifssn

1096 2258 1167 2281 non.
1194 2247 1319 2294 augusti
1336 2274 1345 2290 ,
1370 2255 1440 2281 ante
1465 2246 1549 2280 diem
1569 2257 1633 2292 quo
1652 2244 1749 2291 posita
1767 2256 1836 2279 car—

1097 2296 1145 2330 nis
1179 2297 1298 2332 sarcina
1332 2296 1418 2330 dives
1453 2294 1571 2330 meritis
1604 2293 1773 2341 penetravit
1806 2293 1835 2327 in

1094 2354 1212 2386 sancta,
1234 2345 1344 2381 similis
1355 2353 1535 2380 sanctorum
1551 2344 1650 2379 factus
1672 2343 1701 2377 in
1728 2342 1836 2388 gloria,

1095 2396 1162 2430 eius
1190 2396 1324 2430 natalitia
1346 2393 1510 2429 celebretis
1532 2401 1562 2427 et
1584 2393 1701 2427 faciatis
1720 2390 1837 2426 solem-

1096 2444 1176 2479 niter
1189 2445 1335 2480 celebrari
1345 2447 1370 2487 (1
1380 2449 1400 2487 ’),
1415 2452 1567 2490 quatenus
1582 2442 1680 2489 ipsius
1693 2440 1838 2488 precibus

1857 918 1963 940 uir-euu-
1979 918 2026 940 da-

1843 956 1886 971 rus.

1130 2511 1168 2546 (1)
1181 2511 1219 2537 Ne
1230 2511 1330 2537 scilicet
1339 2510 1366 2537 S.
1379 2510 1506 2537 Dominici
1516 2508 1611 2536 festum
1621 2514 1681 2534 cum
1702 2506 1836 2534 Dominica

1095 2545 1336 2579 Transfigurattone
1342 2547 1523 2577 concurreret,
1533 2543 1555 2571 si
1565 2543 1708 2577 diewaug.
1720 2542 1836 2569 celebra-

1095 2585 1178 2609 retur.
1191 2582 1267 2608 Nunc
1278 2581 1320 2609 die
1340 2589 1367 2608 ιν
1387 2580 1489 2616 augusti
1509 2578 1666 2610 celebratur,
1688 2577 1722 2604 ob
1741 2577 1837 2607 festum

1074 2634 1077 2635 ν
1095 2616 1122 2645 S.
1135 2617 1232 2644 Mariae
1247 2617 1279 2644 ad
1300 2618 1394 2644 Nivem
1412 2617 1535 2651 (constit.
1548 2613 1619 2641 Pauli
1636 2613 1670 2640 tv
1686 2614 1837 2646 Gloriosus,

316 2645 417 2680 omnis
439 2644 576 2681 Ecciesia
603 2645 743 2681 fidelium
766 2643 925 2680 exultavit.
951 2642 1056 2678 AEtate
1071 2639 1079 2692 Ι
1095 2652 1112 2679 7
1128 2661 1187 2688 aug.
1207 2653 1293 2688 ¹558).
