2129 3223
38 258 89 285 An.
106 257 218 286 (3.1199

50 353 124 375 lnuoc.
141 354 178 375 PP.
191 354 217 376 m

62 386 197 407 decessurum

37 418 120 438 firmans
142 419 219 438 docre-

35 451 63 470 «a.
106 447 217 469 notensem

35 478 151 500 Ecclesiam
176 479 216 500 Tu-

35 513 122 533 tunensi
145 512 217 534 subie-

35 546 88 563 ctum
101 543 202 564 dect-rat.

172 1283 174 1285 ’
224 1286 426 1333 pontificatus

64 2488 173 2511 Exci-lium

830 257 1040 280 INNOCENTu‘s
1062 258 1099 280 111
1122 257 1168 279 PP.

234 314 350 354 nimus,
372 312 537 348 statuimus
558 320 588 347 et
610 311 782 356 sancimus,
807 321 838 347 ut
861 312 974 348 Dolcn.

233 362 374 398 Ecclesia
415 361 577 410 perpetuis
619 374 745 408 semper
778 362 975 410 temporibus

232 411 424 458 suffraganea
466 411 557 459 plene
609 411 767 446 subiaceat
816 412 975 447 Ecclesiae

231 461 404 505 Turonen.⁷
431 469 461 495 et
482 460 619 495 debitam
642 461 668 495 ei
692 473 767 495 suae
801 474 891 497 verae
914 474 976 497 me-

231 510 341 557 tropoli
365 511 568 545 reverentiam
604 519 634 545 et
656 511 867 546 obedientiam
901 525 974 546 cum

229 559 298 595 aliis
319 559 524 607 suffraganeis
558 560 718 595 Ecclesiae
760 561 879 596 Turon.
912 563 973 596 im-

229 609 355 656 pendat:
390 622 448 645 nec
478 622 617 656 unquam
653 610 766 645 Dolen.
804 611 974 659 episcopus

228 658 266 694 ad
306 659 397 707 pallei
442 672 534 695 usum
569 660 696 707 aspiret.
734 660 772 695 Et
807 673 846 695 ne
879 673 972 696 causa

228 709 320 745 toties
346 709 490 750 diffinita,
517 709 555 744 de
577 718 700 745 caetero
723 710 820 745 valeat
842 710 873 745 in
902 722 972 746 con-

227 759 376 795 tentionis
409 759 595 806 scrupulum
644 760 796 803 refricari,
838 761 863 794 si
912 773 972 808 qua

228 816 296 854 post
335 808 394 843 hac
433 809 656 854 instrumenta,
697 811 741 844 vel
788 819 971 856 argumenta

227 869 283 904 pro
308 865 396 906 parte
417 858 531 895 Dolen.
554 859 716 894 Ecclesiae
740 868 870 907 possent
897 873 972 908 quo-

226 907 399 943 modolibet
427 908 574 949 inveniri,
596 921 653 945 nos
683 910 867 945 auctoritate
901 923 971 958 apo-

225 962 333 998 stolica
348 962 427 998 nihil
450 976 485 999 ea
501 964 628 1012 penitus
644 964 773 1000 valitura
789 977 969 1002 censemus.

224 1015 310 1051 Nulli
338 1029 414 1064 ergo
434 1025 501 1062 etc„
527 1017 724 1054 diffinitionis
751 1027 802 1054 etc.

272 1070 391 1106 Datum
417 1070 562 1107 Laterani
585 1085 639 1119 per
661 1085 789 1107 manum
826 1073 970 1109 Rainaldi

223 1123 344 1159 domini
371 1124 474 1173 Papae
505 1127 636 1167 notarii,
665 1127 842 1162 cancellarii
871 1129 969 1163 vicem

223 1178 359 1224 agentis,
402 1180 551 1215 kalendas
582 1180 673 1219 iunii,
714 1181 884 1217 indictione
923 1195 971 1217 se-

224 1231 338 1273 cunda,
366 1233 486 1269 incarn.
519 1234 695 1270 dominicae
727 1247 809 1270 anuo
835 1248 970 1278 mcxcix,

482 1300 557 1323 vero
619 1288 737 1324 domiui
794 1289 970 1325 innocentii

224 1338 331 1388 Papae
355 1342 437 1376 tertii
465 1354 547 1377 anno
574 1343 726 1378 secundo.

274 1397 333 1429 Dat.
356 1399 403 1428 die
428 1400 437 1428 ‘l
466 1400 538 1430 iunii
559 1401 643 1434 1199,
667 1401 768 1440 pontis.
792 1411 868 1431 anno
891 1411 920 1432 11.

542 1560 641 1595 xxtl.

225 1635 425 1679 Privileqium
459 1637 572 1670 clericis
606 1637 758 1670 Ecclesiae
789 1638 837 1671 Ss.
869 1639 973 1683 Serqii

291 1692 318 1717 et
344 1685 461 1719 Bacchi
480 1687 516 1719 tle
542 1686 620 1719 Urbe
646 1698 814 1720 concessum
841 1691 895 1731 (2).

490 1758 704 1790 St'MMARIttM

224 1823 391 1855 Exordium.
401 1842 439 1847 —
450 1824 528 1856 Bona
546 1826 614 1856 huic
625 1827 776 1858 Ecclesiae
793 1830 971 1860 confirmata.

263 1885 300 1890 —
322 1868 418 1899 Cuius
434 1870 506 1899 sines
526 1871 573 1900 hic
596 1872 814 1903 describuntur.
837 1891 874 1896 —
892 1874 972 1910 Quae

264 1913 339 1943 bona
367 1914 495 1953 propriis
525 1916 676 1946 vocabulis
700 1918 904 1957 designantur,
935 1938 973 1943 —

263 1958 357 1997 Atque
388 1959 596 1990 nonnullorum
631 1961 739 1991 limites
773 1964 859 1993 etiam
893 1966 970 1995 assi-

264 2006 400 2040 gnantur.
431 2019 470 2025 —
501 2002 579 2034 Bona
612 2005 733 2044 insuper
768 2007 843 2045 alia,
885 2018 974 2049 super

264 2044 374 2085 quibus
402 2048 535 2086 quaestio
554 2048 648 2079 fuerat
676 2051 791 2088 agitata,
813 2054 972 2091 apostolica

266 2090 439 2120 auctoritate
460 2090 610 2122 Ecclesiae
628 2094 722 2123 eidem
746 2096 908 2127 confirmat.
937 2115 972 2119 υ-

265 2133 422 2164 Clausulae
444 2141 610 2167 consuetae.

225 2206 395 2235 Innocentius
409 2207 550 2244 episcopus
569 2216 663 2238 servus
685 2217 823 2241 servorum
841 2212 896 2246 Dei.
926 2215 973 2242 Ro·

1645 247 1706 280 151

1017 324 1074 347 nos
1101 314 1249 347 convenit
1276 313 1453 359 providere,
1485 323 1516 349 et
1551 325 1659 348 earum
1696 313 1759 348 iura

1018 361 1133 396 illibata
1150 373 1288 401 servare,
1309 372 1426 409 quanto
1448 363 1583 411 amplius
1604 362 1641 398 ad
1667 362 1761 397 iuris-

1016 410 1187 446 dictionem
1215 419 1353 446 nostram
1381 422 1554 448 noscuntur
1592 412 1759 460 specialius

1017 461 1183 507 pertinere.
1212 461 1257 496 Ea
1280 469 1417 509 propter,
1448 462 1554 497 dilecti
1580 470 1645 502 etc„
1666 475 1760 508 usque

1015 513 1198 545 adverbum
1219 511 1401 545 annuimus.
1437 511 1475 546 Et
1504 512 1672 559 praelatam
1707 524 1759 546 ec-

1014 560 1140 595 clesiam
1163 560 1333 595 Beatorum
1377 561 1544 608 Martyrum
1580 561 1679 607 Sergii
1728 570 1755 595 et

1016 609 1141 650 Bacchi,
1170 610 1201 644 in
1224 622 1283 657 qua
1307 610 1414 644 divino
1435 618 1501 651 etc„
1522 624 1615 656 usque
1629 613 1671 645 ad
1691 624 1758 646 ver·

1014 661 1084 693 bum
1110 659 1279 695 vocabulis.
1302 659 1502 694 Medietatem
1529 673 1619 695 arcus
1653 661 1756 695 trium-

1015 709 1126 755 phalis,
1152 710 1206 757 qui
1235 717 1319 744 totus
1341 709 1371 744 in
1396 709 1497 744 tribus
1519 710 1654 744 arcubus
1680 722 1756 745 con·

1013 766 1084 799 stat,
1106 759 1145 793 de
1171 771 1234 806 quo
1261 771 1344 794 unus
1370 759 1409 794 de
1427 759 1601 794 minoribus
1622 760 1757 795 arcubus

1014 809 1219 856 propinquior
1239 816 1286 843 est
1313 816 1431 843 vestrae
1458 809 1632 853 Ecclesiae,
1661 821 1754 857 supra

1012 869 1106 904 quem
1131 870 1191 893 una
1231 870 1267 893 ex
1302 858 1442 893 turribus
1482 859 1645 894 aedificata
1684 872 1754 894 esse

1012 907 1146 942 videtur:
1168 916 1199 943 et
1220 907 1420 943 medietatem
1452 908 1491 944 de
1525 921 1599 943 arcu
1634 910 1754 944 maiori.

1012 958 1065 1004 qui
1087 958 1187 992 estin
1215 957 1320 993 medio
1354 970 1426 993 cum
1465 959 1628 994 caminatis
1672 960 1754 994 iuxta

1012 1007 1166 1042 minorem
1188 1019 1297 1042 arcum
1319 1020 1392 1043 cum
1420 1008 1610 1049 introitibus,
1632 1017 1662 1043 et
1687 1009 1755 1044 exi-

1013 1056 1096 1091 tibus
1121 1057 1199 1101 suis,
1226 1065 1256 1092 et
1280 1057 1349 1092 aliis
1381 1057 1529 1092 omnibus
1559 1059 1625 1094 suis
1663 1060 1756 1106 perti-

1013 1107 1138 1145 nentiis,
1178 1119 1258 1154 quae
1297 1107 1357 1141 sub
1391 1107 1439 1141 his
1474 1107 1590 1143 linibus
1622 1108 1755 1143 conclu-

1011 1155 1140 1190 duntur.
1164 1157 1191 1190 A
1214 1156 1312 1202 primo
1340 1157 1435 1192 latere
1461 1164 1509 1192 est
1545 1158 1641 1193 altera
1683 1171 1755 1193 me-

1012 1204 1110 1240 dietas
1141 1205 1286 1240 eiusdem
1319 1218 1412 1241 arcus
1439 1207 1640 1254 triumphalis
1679 1209 1755 1243 iuris

1011 1254 1184 1290 haeredum
1205 1254 1323 1290 Cimini
1342 1268 1348 1289 :
1372 1268 1388 1290 a
1406 1256 1546 1291 secundo
1576 1257 1674 1292 latere
1709 1267 1755 1292 est

1012 1303 1093 1338 aliud
1122 1305 1292 1339 claustrum
1327 1306 1530 1353 suprascripti
1552 1306 1682 1350 Cimini,
1725 1317 1755 1341 et

1012 1354 1119 1393 curtis,
1144 1362 1174 1389 et
1195 1354 1241 1388 via
1274 1354 1416 1401 publica:
1442 1367 1457 1390 a
1487 1356 1575 1390 tertio
1597 1357 1691 1392 latere
1708 1367 1754 1391 est

1012 1403 1109 1437 curtis
1135 1403 1294 1439 Ecclesiae
1317 1414 1450 1439 vestrae:
1470 1413 1500 1439 et
1521 1418 1537 1439 a
1563 1415 1674 1453 quarto
1711 1407 1756 1441 la-

1013 1460 1076 1486 tere
1098 1461 1145 1487 est
1178 1453 1226 1487 via
1254 1453 1401 1499 publica,
1434 1466 1514 1502 quae
1552 1455 1652 1503 pergit
1684 1465 1756 1492 ante

1011 1501 1222 1548 supradictam
1244 1502 1430 1538 Ecclesiam:
1464 1504 1544 1539 sicut
1574 1505 1607 1539 in
1644 1506 1757 1541 instru-

1012 1559 1119 1585 mento
1155 1552 1318 1588 locationis
1353 1553 1449 1588 factae
1490 1566 1506 1588 a
1554 1554 1654 1589 bonae
1697 1568 1755 1590 me·

1012 1600 1129 1635 moriae
1156 1600 1310 1648 Gregorio
1329 1602 1471 1637 eiusdem
1494 1603 1653 1639 Ecclesiae
1681 1605 1756 1640 dia-

1011 1662 1092 1684 cono
1119 1650 1266 1685 cardinali
1303 1651 1430 1698 plenius
1472 1653 1661 1689 continetur.
1699 1655 1757 1689 Ec-

1012 1699 1138 1734 clesiam
1161 1699 1330 1735 Salvatoris
1356 1701 1395 1736 de
1417 1702 1536 1737 Statera
1576 1715 1647 1738 cum
1682 1717 1757 1751 per-

1012 1748 1152 1784 tinentiis
1179 1751 1254 1785 suis:
1283 1750 1447 1786 ecclesiam
1463 1751 1569 1786 Sancti
1598 1753 1756 1789 Laurentii

1014 1799 1146 1844 positam
1168 1799 1227 1833 sub
1242 1798 1395 1846 Capitolio
1409 1813 1480 1836 cum
1503 1802 1617 1843 causis,
1630 1804 1757 1851 cryptis,

1013 1847 1124 1891 hort-is⁷
1150 1856 1180 1882 et
1207 1849 1355 1884 omnibus
1377 1850 1446 1885 aliis
1467 1851 1533 1886 suis
1547 1852 1756 1899 pertinentiis.

1013 1896 1134 1931 Omnes
1160 1898 1271 1933 domos
1293 1900 1408 1945 positas
1431 1901 1462 1935 in
1495 1900 1637 1941 Gallicis,
1676 1915 1757 1950 quae

1014 1946 1062 1980 liis
1084 1946 1201 1982 linibus
1222 1949 1463 1984 concluduntur.
1487 1950 1514 1984 A
1549 1951 1675 1987 duobus
1717 1952 1757 1987 la-

1014 1995 1135 2030 teribus
1161 2005 1244 2031 tenet
1283 1997 1424 2034 Ecclesia
1460 2008 1581 2035 vestra:
1616 2013 1632 2036 a
1666 2003 1757 2037 tertio

1013 2053 1100 2080 tenet
1122 2045 1261 2081 Ecclesia
1280 2047 1412 2083 Sanctae
1434 2048 1594 2085 Martinae:
1618 2061 1757 2098 aquarto

1013 2095 1108 2130 latere
1152 2096 1197 2131 via
1246 2097 1382 2143 publica,
1423 2110 1505 2145 quae
1553 2101 1652 2147 pergit
1684 2110 1756 2136 ante

1014 2144 1128 2179 dictam
1151 2145 1334 2181 Ecclesiam.
1357 2146 1479 2182 Omnes
1505 2149 1616 2184 domos
1632 2178 1639 2190 ‚
1677 2162 1757 2197 quae

1014 2203 1085 2228 sunt
1113 2195 1232 2241 positae
1255 2195 1282 2229 in
1309 2197 1436 2242 regione.
1464 2197 1540 2239 Piri,
1562 2211 1634 2233 cum
1675 2212 1757 2235 casa-

269 2262 348 2285 mano
367 2256 618 2293 archipresbytero.
638 2261 668 2287 et
687 2260 794 2290 clericis
816 2264 974 2292 Sanctorum
1014 2243 1097 2286 linis,
1119 2252 1149 2278 et
1177 2244 1287 2284 hortis,
1310 2254 1341 2279 et
1362 2246 1430 2301 aliis
1459 2248 1653 2293 pertinentiis
1679 2249 1756 2289 suis,

271 2305 420 2341 martyrum
439 2306 526 2341 Sergi-¹
546 2308 576 2335 et
596 2307 689 2336 Bacchi
708 2310 766 2338 tam
785 2312 973 2346 praesentibus
1015 2300 1139 2338 praeter
1176 2306 1274 2328 unum
1312 2295 1484 2330 casalinum
1530 2298 1605 2332 iuris
1650 2298 1757 2335 Sancti

271 2360 352 2391 quam
370 2355 485 2389 tuturis.
506 2357 533 2385 in
553 2358 725 2392 perpetuum.

277 2422 365 2458 Licet
385 2424 526 2459 omnium
562 2425 772 2462 Ecclesiarum
807 2431 845 2464 sit
884 2429 973 2464 nobis

228 2488 301 2511 cura
322 2486 353 2511 et
372 2477 538 2514 solicitudo
555 2480 734 2520 commissa,
770 2482 829 2518 illis
855 2492 972 2525 tamen,

229 2542 308 2577 quae
337 2532 368 2566 in
391 2532 467 2568 urbe
496 2534 685 2579 consistunt,
716 2543 801 2570 tanto
822 2537 973 2572 solicitius

264 2602 303 2636 (¹)
319 2600 381 2628 Vide
393 2602 534 2631 Baronium
550 2604 581 2631 ad
599 2612 696 2631 annum
713 2605 773 2632 859.
813 2607 850 2642 (2)
868 2607 904 2635 Ex
922 2609 970 2635 Ba-

229 2640 307 2673 luzio,
324 2641 407 2677 Epist.
429 2643 473 2670 9n.

992 2334 1128 2390 lSabae,
1155 2350 1185 2377 et
1209 2355 1302 2378 unam
1325 2344 1455 2380 domum
1482 2345 1618 2381 Pantalei
1658 2348 1757 2383 adde-

1015 2392 1170 2430 xtratoris·
1192 2392 1320 2427 domum
1341 2406 1434 2429 unam
1456 2396 1586 2442 positam
1601 2409 1617 2431 a
1631 2397 1758 2443 regione

1014 2439 1121 2475 Sancti
1159 2441 1287 2476 Adriani
1327 2443 1410 2478 iuxta
1447 2445 1610 2480 columnas
1650 2446 1756 2482 Sancti

1013 2488 1139 2525 Ioannis
1175 2498 1247 2526 ante
1275 2491 1400 2527 Portam
1442 2493 1595 2530 Latinam.
1619 2496 1756 2533 Domum

1014 2550 1109 2574 unam
1155 2541 1287 2587 positam
1331 2544 1414 2578 iuxta
1461 2543 1590 2579 domum
1636 2545 1759 2584 Ioannis

1014 2587 1052 2622 de
1095 2589 1221 2625 Ascesa.
1267 2591 1409 2633 Quatuor
1434 2603 1568 2641 cryptas,
1596 2607 1669 2631 cum
1706 2611 1757 2633 ca-

1014 2637 1121 2673 salinis
1156 2648 1227 2674 ante
1255 2652 1299 2685 se,
1327 2653 1426 2689 usque
1459 2643 1496 2678 ad
1530 2643 1618 2681 Viam
1640 2645 1757 2682 Publi-

1780 258 1829 284 Αη,
1848 256 1959 283 (1.1199

1785 672 1840 692 iluna
1856 673 1901 692 huic
1918 673 1955 692 f-

1771 705 1849 724 <leima
1875 711 1953 725 rotmi-

1771 739 1831 754 titula.
