2129 3223
62 248 113 277 An.
130 248 160 275 C.
176 248 243 276 ¹252

257 303 393 353 potentis
419 305 489 350 Dei,
510 312 541 340 et
564 304 727 340 beatorum
749 304 833 341 Petri
855 312 886 342 et
911 304 998 340 Pauli

256 355 467 402 apostolorum
494 354 562 390 eius
582 366 616 390 se
642 356 763 390 noverit
785 355 996 391 incursurum.

304 403 419 440 Datum
458 403 579 439 Perusii
623 403 811 440 duodecimo
851 404 998 441 kalendas

255 454 369 498 martii,
391 453 589 501 pontificatus
611 454 707 489 nostri
733 467 817 490 anno
838 467 931 490 nono.

274 513 335 545 Dat.
350 515 397 546 die
416 515 452 545 19
469 514 611 546 februarii
627 515 712 549 1252.
730 516 832 556 pontis.
848 526 924 546 anno
941 526 976 547 ix.

567 678 680 714 XXIV.

252 756 436 790 Hadrianeia
462 756 600 790 Ecclesia
624 757 657 789 in
682 757 882 790 cathedralem
901 764 996 792 erecta

302 805 453 840 Pennensi
476 806 601 844 unitur,
630 818 698 840 cum
723 807 838 840 decreto
859 813 892 840 ut
916 807 996 840 Pen-

300 855 398 889 nensis
424 856 577 900 episcopus
604 855 787 890 Hadrianus
807 867 924 902 quoque
945 858 995 890 di-

299 911 401 944 catur,
427 906 512 939 certis
547 917 666 950 quoque
691 906 822 940 addictis
846 907 943 951 pactis
969 914 995 941 et

299 954 524 989 conditionibus
552 956 613 997 (l).

516 1027 729 1060 SUMMARlUM

248 1089 415 1121 Exordium.
445 1107 484 1113 —
512 1089 651 1121 Hadrien.
682 1090 813 1121 Ecclesia
835 1092 865 1121 in
891 1092 994 1122 cathe-

288 1133 398 1164 dralem
419 1138 513 1165 erecta
537 1143 590 1174 per
606 1135 772 1173 delegatum
799 1135 993 1174 apostolicum

288 1182 317 1209 et
345 1177 493 1210 pennensi
524 1180 616 1210 unita.
642 1196 682 1203 —
710 1178 833 1210 Unionis
869 1179 992 1210 litterae.

285 1238 324 1246 —
340 1221 502 1264 Utrumque
529 1233 634 1254 nomen
654 1223 690 1254 ab
708 1225 847 1264 episcopo
870 1233 993 1255 sumen-

288 1267 367 1297 dum.
392 1284 432 1291 —
465 1267 521 1298 Dos
549 1267 687 1298 Hadrien.
721 1267 871 1298 Ecclesiae
899 1269 993 1298 conli-

287 1310 401 1341 cienda.
422 1328 460 1334 —-
483 1311 591 1342 Domus
618 1312 805 1351 episcopalis.
833 1329 872 1335 —
897 1312 994 1343 Cano-

286 1354 420 1386 nicorum
452 1366 595 1387 numerus
620 1373 659 1380 --
687 1356 796 1387 Electio
828 1358 994 1387 communis

287 1400 430 1440 episcopi.
452 1417 491 1423 —
511 1399 678 1431 clausulae.

247 1471 419 1500 Innocentius
436 1472 577 1508 episcopus
593 1479 688 1501 servus
707 1479 847 1501 servorum
865 1472 921 1505 Dei,
950 1480 996 1501 ca-

289 1520 390 1557 pitulo,
408 1522 439 1550 ot
461 1521 587 1550 universo
610 1521 693 1554 clero,
721 1528 823 1550 necnon
846 1522 994 1557 potestati,

291 1571 403 1600 oonsilio
419 1572 449 1600 et
467 1571 603 1600 Communi
621 1571 745 1600 civitatis
763 1571 933 1605 uadi-tensis.
952 1579 994 1601 sa-

290 1620 379 1650 lntem
401 1622 429 1649 et
448 1621 626 1657 apostolicam
640 1621 861 1650 benedictionem.

295 1693 382 1728 Licet
393 1704 441 1736 ea,
463 1704 542 1740 quae
555 1692 594 1727 dc
608 1692 755 1728 mandato
778 1701 883 1727 nostro
906 1693 995 1736 siunt,

83 1748 200 1770 hominm*
246 1744 278 1779 in
301 1754 335 1778 se
356 1742 452 1777 robur
467 1742 627 1778 obtineant
644 1742 809 1781 firmitatis,
836 1750 869 1776 ut
892 1750 994 1777 tamen

249 1794 432 1828 intemerata
453 1793 638 1832 consistam,
664 1804 735 1826 cum
754 1799 858 1826 nostro
883 1791 996 1827 suerint

250 1841 406 1889 praesidio
428 1842 634 1882 communita,
660 1853 694 1875 ea
717 1840 850 1876 libenter
875 1851 995 1888 aposto-

251 1892 309 1927 lico
330 1891 504 1929 munimine
531 1890 726 1926 roboramus.

298 1939 380 1976 Cum
407 1940 511 1988 itaque
544 1939 731 1975 venerabilis
767 1940 859 1975 frater
893 1947 998 1975 noster

69 1995 168 2018 *hi-dren
196 1996 237 2017 Ec-
250 1990 440 2025 Albanensis
463 1989 632 2037 episcopus
665 1989 828 2025 attendens
856 1989 998 2025 devotio-

55 2027 150 2080 ‘4¹25ss?
165 2028 335 2080 ξζζῖῗωθῐη,
362 2051 454 2087 quarn
482 2039 518 2073 ad
552 2039 762 2085 Apostolicam
789 2039 903 2074 Sedem
936 2040 998 2074 ba-

56 2094 94 2140 1:⁸¹
109 2088 239 2141 tdfil‘ffluflss
253 2089 348 2129 betis,
372 2090 473 2123 locum
497 2088 632 2123 Hadriae
654 2088 692 2123 de
707 2089 834 2144 speciali
852 2089 998 2124 mandato

58 2122 240 2172 effignssiumuni-
253 2146 359 2174 nostro
386 2138 487 2173 iocari
514 2138 686 2173 decreverit
707 2138 873 2179 civitatem,
900 2147 930 2174 et
951 2151 999 2173 ec-

57 2184 84 2202 '³
253 2188 378 2224 clesiam
401 2187 532 2223 Sanctae
564 2186 678 2223 Mariae
702 2187 853 2223 Hadrien
883 2188 913 2223 in
947 2200 999 2223 ca-

255 2237 427 2274 thedralem
455 2237 653 2284 erigendam,
680 2244 741 2272 tam
769 2237 882 2285 ipsam,
904 2250 998 2285 quam

254 2287 453 2323 pennensem
480 2286 654 2321 Ecclesiam
680 2286 718 2321 ad
746 2287 878 2322 invicem
901 2289 1000 2322 duxe-

256 2337 295 2371 rit
316 2336 484 2379 uniendas,
508 2342 600 2383 prout
621 2335 651 2370 in
681 2336 779 2382 ipsius
805 2337 916 2372 litteris
938 2349 1000 2371 su-

257 2397 311 2434 per
332 2386 392 2422 hoc
411 2364 562 2421 coniectis
579 2385 704 2432 plenius
724 2386 917 2421 continetur:
939 2385 1000 2421 hoc

255 2435 340 2483 quod
357 2447 411 2483 per
425 2435 571 2470 eumdem
594 2434 776 2481 episcopum
797 2435 826 2470 in
840 2435 898 2470 hac
915 2444 1001 2482 parte

257 2485 371 2520 factum
407 2493 471 2526 est,
498 2492 598 2520 ratum
623 2482 772 2519 habentes
798 2492 828 2519 et
859 2493 1000 2532 gratum

258 2534 288 2568 id
315 2534 356 2569 de
380 2533 509 2569 fratrum
537 2541 714 2568 nostrorum
742 2533 872 2569 consilio
894 2535 1002 2570 autho-

294 2604 333 2640 (1)
348 2604 387 2632 Ex
403 2604 507 2640 Regest.
524 2605 608 2632 Vatic.
620 2604 701 2631 edidit
711 2603 824 2640 Ugbell„
836 2608 897 2632 tom.
911 2614 929 2638 1,
942 2614 1000 2641 pag.

261 2645 338 2677 ¹¹38,
354 2645 397 2672 ubi
417 2645 449 2672 de
465 2646 580 2673 Pennen.
598 2644 722 2672 Ecclesia.

849 249 1062 273 INNocmrius
1083 250 1116 272 lv
1138 249 1185 272 ΡΡ,

1665 236 1735 271 1547

1039 304 1128 339 ritate
1161 304 1329 351 apostolica
1364 304 1604 344 confirmantes.
1641 311 1782 339 tenorem

1039 354 1211 389 litterarum
1239 354 1377 409 ipsarum
1405 354 1444 389 de
1470 353 1565 389 verbo
1586 353 1626 389 ad
1654 352 1782 389 verbum

1039 403 1284 451 praesentibus
1278 404 1369 439 inseri
1386 403 1548 448 facientes,
1569 404 1621 451 qui
1643 404 1712 439 talis
1724 412 1780 439 est:

1086 453 1199 488 Petrus
1237 453 1437 488 miseratione
1475 453 1578 488 divina
1615 454 1783 502 episcopus

1037 502 1226 538 Albanensis
1247 502 1385 538 dilecto
1378 515 1409 538 in
1431 501 1557 538 Christo
1577 503 1726 550 capitulo,
1747 516 1783 540 ac

1038 552 1205 588 venerabili
1233 552 1334 592 clero,
1368 564 1490 588 necnon
1522 560 1576 587 etc.
1601 579 1608 587 .
1658 561 1783 600 ,111113-

1036 602 1119 644 stati,
1148 601 1292 641 concilio,
1315 609 1346 637 et
1365 600 1534 637 Communi
1560 601 1692 637 civitatis
1718 602 1783 638 Ha-

1037 651 1135 687 drien.
1164 652 1296 687 salutem
1327 651 1359 686 in
1385 650 1522 686 Domino
1547 651 1781 698 sempiternam.

1036 700 1219 737 Devotionis
1254 709 1285 736 et
1310 700 1381 735 fidei
1405 708 1523 736 vestrae
1545 708 1682 736 meretur
1707 702 1783 737 alse-

1036 758 1117 796 ctus‚
1145 758 1178 785 ut
1204 750 1304 786 Sedes
1337 749 1515 797 Apostolica
1553 758 1650 785 mater
1677 760 1782 786 nostra

1036 812 1090 835 vos
1123 800 1235 836 habeat
1262 808 1421 848 tamquam
1449 800 1529 834 filios
1555 799 1725 847 speciales,
1752 807 1783 836 et

1037 850 1133 894 iniis,
1159 862 1239 897 quae
1261 850 1412 885 bonorem
1436 858 1573 885 vestrum
1596 850 1781 896 respiciunt,

1035 899 1080 935 sic
1101 912 1134 934 se
1156 899 1358 936 favorabilem
1381 899 1525 934 exhibeat
1545 907 1576 934 et
1603 898 1782 947 benignam,

1036 957 1069 984 ut
1096 961 1151 996 per
1171 949 1231 985 hoc
1257 958 1359 985 vestra
1380 949 1505 996 probata
1528 948 1692 984 sinceritas
1709 960 1781 997 erga

1035 997 1150 1034 Sedem
1178 999 1322 1035 eamdem
1345 999 1495 1034 continuo
1522 998 1638 1045 vigeat,
1659 1006 1690 1034 et
1714 1000 1783 1034 lau·

1035 1048 1193 1084 dabilibus
1219 1048 1361 1096 proficiat
1382 1048 1593 1084 incrementis.
1619 1047 1661 1084 Ut
1688 1049 1783 1095 igitur

1035 1109 1071 1133 ex
1099 1098 1218 1133 fervore
1243 1098 1430 1139 devotionis,
1467 1109 1562 1145 quam
1596 1097 1635 1132 ad
1662 1097 1782 1134 Roma-

1036 1159 1105 1181 nam
1141 1147 1314 1182 Ecclesiam
1350 1160 1406 1195 pro
1444 1146 1636 1183 exhibitione
1674 1148 1781 1195 operis

1035 1195 1190 1231 habuistis
1222 1196 1395 1237 hactenus,
1433 1204 1464 1232 et
1499 1195 1653 1232 habebitis
1687 1198 1782 1232 dante

1035 1245 1174 1281 Domino
1200 1246 1231 1281 in
1259 1245 1416 1285 futurum,
1443 1246 1585 1280 sentiatis
1619 1245 1705 1281 vobis
1736 1247 1781 1281 13-

1035 1306 1141 1330 vorem
1180 1295 1384 1342 apostolicum
1416 1294 1610 1334 accrevisse,
1649 1308 1708 1330 nos
1740 1295 1781 1332 de

1035 1343 1160 1392 speciali
1183 1344 1331 1380 mandato
1358 1345 1476 1379 domini
1501 1344 1605 1391 Papae
1633 1357 1782 1392 personas

1036 1402 1152 1429 vestras
1179 1393 1333 1429 honorare
1358 1395 1510 1434 volentes,
1536 1402 1567 1428 et
1593 1395 1696 1430 locum
1722 1394 1782 1430 Ha-

1035 1442 1132 1483 driae,
1160 1443 1190 1478 in
1218 1456 1280 1491 quo
1302 1443 1438 1492 populus
1460 1451 1560 1479 tautae
1584 1443 1666 1487 fidei,
1685 1451 1715 1479 et
1732 1444 1783 1479 (le-

1035 1493 1168 1528 votionis
1194 1493 1305 1528 cobab
1312 1501 1353 1528 tat
1380 1493 1525 1549 specialis
1551 1493 1676 1529 decoris
1702 1506 1783 1541 pire-

1035 1542 1204 1578 eminentia
1230 1543 1394 1590 insignire‚
1421 1543 1522 1590 ipsum
1551 1544 1652 1578 vocari
1669 1542 1783 1579 decie-

1036 1593 1137 1626 vimus
1170 1592 1348 1632 civitatem,
1375 1601 1404 1627 et
1432 1606 1505 1628 eum
1533 1592 1702 1639 episcopali
1730 1594 1782 1629 di-

1035 1643 1154 1686 gnitate
1183 1643 1213 1676 in
1243 1651 1428 1689 perpetuum
1455 1642 1601 1677 volumus
1628 1644 1780 1678 decorari.

1036 1691 1084 1726 Ad
1102 1692 1178 1726 baec
1200 1691 1339 1727 Ecclesia
1354 1692 1486 1727 Sanctae
1499 1692 1612 1727 Mariae
1633 1691 1780 1733 Hadriae,

1035 1753 1116 1788 quae
1138 1741 1211 1776 olim
1234 1741 1273 1776 de
1297 1742 1452 1776 Pennensi
1479 1754 1547 1777 esse
1576 1741 1715 1786 solebat,
1751 1744 1778 1776 111

1036 1802 1096 1837 qua
1123 1790 1291 1826 saecularis
1326 1792 1482 1838 praelatus
1518 1791 1709 1838 praefuerat
1751 1792 1780 1826 in

1036 1840 1244 1875 cathedralem
1272 1841 1438 1885 erioimus
1461 1851 1522 1877 tam
1551 1841 1662 1896 ipsam,
1687 1853 1781 1888 qnam

1038 1889 1236 1925 Pennensem
1260 1890 1431 1926 Ecclesiam
1455 1890 1492 1925 ad
1520 1891 1652 1926 invicem
1676 1892 1783 1925 unien-

1038 1948 1099 1982 tes,
1122 1949 1155 1975 ut
1176 1950 1307 1988 utraque
1325 1940 1512 1975 cathedralis
1526 1942 1648 1980 existat,
1670 1949 1699 1975 et
1721 1949 1781 1975 tam

1037 1988 1238 2034 Hadriensis‚
1274 2002 1366 2038 quam
1403 1989 1577 2026 Pennensis
1612 1990 1783 2037 episcopus

1039 2039 1233 2078 nominetur,
1264 2040 1303 2074 ita
1325 2038 1486 2080 videlicet
1522 2048 1552 2074 111
1586 2051 1656 2074 cum
1691 2051 1783 2074 eum-

1038 2088 1109 2123 dem
1125 2089 1308 2136 episcopum
1330 2088 1478 2133 Hadriae,
1501 2089 1571 2123 vel
1565 2102 1594 2123 111
1617 2087 1783 2123 Hadriensi

1039 2137 1176 2174 Ecclesia
1194 2138 1302 2173 adesse
1317 2139 1493 2185 contigerit,
1516 2147 1548 2174 ut
1569 2138 1700 2173 addatur
1712 2151 1783 2182 gra-

1040 2189 1113 2231 tiae,
1145 2197 1175 2223 et
1198 2200 1253 2234 per
1279 2188 1339 2223 hoc
1361 2188 1449 2223 locus
1471 2189 1537 2236 ipse
1559 2187 1710 2222 habeatur
1732 2188 1784 2221 in-

1039 2238 1159 2283 signis,
1192 2236 1340 2272 Hadrien.
1390 2238 1580 2285 praeferatur
1624 2236 1783 2271 Pennensi

1040 2286 1199 2321 Ecclesiae
1231 2287 1262 2321 in
1296 2286 1460 2333 scriptura.
1498 2285 1562 2322 Sed
1594 2298 1664 2320 cuin
1699 2285 1783 2320 idem

1040 2335 1207 2383 episcopus
1233 2335 1264 2369 in
1287 2336 1426 2374 civitate.
1453 2336 1498 2369 vel
1528 2334 1665 2370 Ecclesia
1701 2334 1784 2369 Pen-

1043 2385 1130 2420 nensi
1154 2384 1257 2428 fuerit,
1284 2384 1458 2420 Pennensis
1481 2384 1616 2419 Ecclesia
1634 2384 1783 2431 praefera-

1043 2443 1102 2469 tur.
1131 2433 1291 2469 Ecclesiae
1312 2445 1385 2468 vero
1406 2434 1644 2474 archidiacono,
1674 2442 1703 2468 et
1729 2446 1784 2468 ca-

1044 2483 1163 2519 nonicis
1181 2482 1321 2518 Pennen.
1344 2484 1409 2518 iura
1432 2496 1485 2518 sua
1507 2483 1651 2517 volumus
1670 2482 1784 2518 illibata

1042 2534 1169 2588 seriani,
1190 2533 1262 2588 quia
1287 2545 1340 2580 per
1367 2534 1446 2567 lianc
1468 2534 1615 2567 unionem
1640 2533 1784 2568 nolumus

1043 2595 1097 2618 eos
1119 2582 1149 2617 in
1175 2582 1241 2617 51115
1270 2581 1389 2617 iuribus
1417 2583 1475 2629 pati
1503 2581 1630 2630 aliquod
1657 2583 1784 2629 prieiu-

1043 2632 1159 2667 dicium
1192 2632 1238 2667 vel
1261 2632 1421 2667 iacturam
1450 2631 1532 2667 Sane
1554 2632 1627 2679 quia
1649 2643 1711 2666 non
1734 2631 1785 2667 de-

1800 245 1850 273 Αι.
1867 243 1979 273 012!ss

1808 457 1896 480 Unioni·
1919 458 1979 478 ltus

1795 495 1839 511 no

1808 1697 1922 1723 utrumque
1937 1701 1977 1716 no«

1796 1736 1842 1751 men
1877 1728 1902 1748 ab
1930 1727 1977 1751 ῠΡῖ·

1796 1766 1860 1787 rcopn
1891 1762 1977 1779 sumen-

1796 1793 1851 1813 dum.
