<?xml version="1.0" encoding="UTF-8"?>
<!DOCTYPE html PUBLIC "-//W3C//DTD XHTML 1.0 Transitional//EN"
    "http://www.w3.org/TR/xhtml1/DTD/xhtml1-transitional.dtd">
<html xmlns="http://www.w3.org/1999/xhtml" xml:lang="en" lang="en">
 <head>
  <title>
</title>
<meta http-equiv="Content-Type" content="text/html;charset=utf-8" />
  <meta name='ocr-system' content='tesseract 3.04.00' />
  <meta name='ocr-capabilities' content='ocr_page ocr_carea ocr_par ocr_line ocrx_word'/>
</head>
<body>
  <div class='ocr_page' id='page_1' title='image "./bullarumdiplomat03cath_0350.png"; bbox 0 0 2129 3223; ppageno 0'>
   <div class='ocr_carea' id='block_1_1' title="bbox 149 251 329 279">
    <p class='ocr_par' dir='ltr' id='par_1_1' title="bbox 149 251 329 279">
     <span class='ocr_line' id='line_1_1' title="bbox 149 251 329 279; baseline 0 -1"><span class='ocrx_word' id='word_1_1' title='bbox 149 256 198 279; x_wconf 68' lang='lat' dir='ltr'>An.</span> <span class='ocrx_word' id='word_1_2' title='bbox 218 251 329 279; x_wconf 78' lang='lat' dir='ltr'>c.t218</span> 
     </span>
    </p>
   </div>
   <div class='ocr_carea' id='block_1_2' title="bbox 148 309 333 423">
    <p class='ocr_par' dir='ltr' id='par_1_2' title="bbox 148 309 333 423">
     <span class='ocr_line' id='line_1_2' title="bbox 161 309 333 329; baseline 0.006 -1"><span class='ocrx_word' id='word_1_3' title='bbox 161 309 283 329; x_wconf 77' lang='lat' dir='ltr'>Cummissio</span> <span class='ocrx_word' id='word_1_4' title='bbox 302 310 333 329; x_wconf 87' lang='lat' dir='ltr'>ln-</span> 
     </span>
     <span class='ocr_line' id='line_1_3' title="bbox 148 340 332 365; baseline 0 -6"><span class='ocrx_word' id='word_1_5' title='bbox 148 340 279 365; x_wconf 69' lang='lat' dir='ltr'>quinimmo</span> <span class='ocrx_word' id='word_1_6' title='bbox 289 340 332 359; x_wconf 71' lang='lat' dir='ltr'>vlt·</span> 
     </span>
     <span class='ocr_line' id='line_1_4' title="bbox 148 369 331 392; baseline -0.016 0"><span class='ocrx_word' id='word_1_7' title='bbox 148 378 169 392; x_wconf 73' lang='grc' dir='ltr'>ει</span> <span class='ocrx_word' id='word_1_8' title='bbox 225 369 331 392; x_wconf 70' lang='lat' dir='ltr'>mim-ulie</span> 
     </span>
     <span class='ocr_line' id='line_1_5' title="bbox 148 404 241 423; baseline -0.011 -1"><span class='ocrx_word' id='word_1_9' title='bbox 148 404 241 423; x_wconf 66' lang='lat' dir='ltr'>eiusdem</span> 
     </span>
    </p>
   </div>
   <div class='ocr_carea' id='block_1_3' title="bbox 398 243 467 276">
    <p class='ocr_par' dir='ltr' id='par_1_3' title="bbox 398 243 467 276">
     <span class='ocr_line' id='line_1_6' title="bbox 398 243 467 276; baseline -0.029 0"><span class='ocrx_word' id='word_1_10' title='bbox 398 243 467 276; x_wconf 74' lang='lat'>344</span> 
     </span>
    </p>
   </div>
   <div class='ocr_carea' id='block_1_4' title="bbox 342 303 1094 882">
    <p class='ocr_par' dir='ltr' id='par_1_4' title="bbox 344 303 1094 746">
     <span class='ocr_line' id='line_1_7' title="bbox 348 303 1091 353; baseline -0.003 -14"><span class='ocrx_word' id='word_1_11' title='bbox 348 315 416 353; x_wconf 87' lang='lat' dir='ltr'>pter</span> <span class='ocrx_word' id='word_1_12' title='bbox 442 303 628 353; x_wconf 81' lang='lat' dir='ltr'>prudentiae</span> <span class='ocrx_word' id='word_1_13' title='bbox 651 311 782 345; x_wconf 80' lang='lat' dir='ltr'>vestrae,</span> <span class='ocrx_word' id='word_1_14' title='bbox 804 303 843 338; x_wconf 82' lang='lat' dir='ltr'>‹le</span> <span class='ocrx_word' id='word_1_15' title='bbox 863 315 925 350; x_wconf 87' lang='lat' dir='ltr'>qua</span> <span class='ocrx_word' id='word_1_16' title='bbox 944 303 1091 338; x_wconf 80' lang='lat' dir='ltr'>fiduciam</span> 
     </span>
     <span class='ocr_line' id='line_1_8' title="bbox 346 352 1092 401; baseline -0.003 -12"><span class='ocrx_word' id='word_1_17' title='bbox 346 356 484 401; x_wconf 77' lang='lat' dir='ltr'>gerimus</span> <span class='ocrx_word' id='word_1_18' title='bbox 507 353 692 400; x_wconf 72' lang='lat' dir='ltr'>pleniorem,</span> <span class='ocrx_word' id='word_1_19' title='bbox 716 365 770 401; x_wconf 88' lang='lat' dir='ltr'>per</span> <span class='ocrx_word' id='word_1_20' title='bbox 792 352 961 400; x_wconf 86' lang='lat' dir='ltr'>apostolica</span> <span class='ocrx_word' id='word_1_21' title='bbox 977 353 1092 399; x_wconf 87' lang='lat' dir='ltr'>scripta</span> 
     </span>
     <span class='ocr_line' id='line_1_9' title="bbox 347 401 1093 450; baseline -0.003 -12"><span class='ocrx_word' id='word_1_22' title='bbox 347 404 542 443; x_wconf 84' lang='lat' dir='ltr'>mandamus,</span> <span class='ocrx_word' id='word_1_23' title='bbox 564 411 720 450; x_wconf 89' lang='lat' dir='ltr'>quatenus</span> <span class='ocrx_word' id='word_1_24' title='bbox 756 403 922 450; x_wconf 89' lang='lat' dir='ltr'>inquiratis</span> <span class='ocrx_word' id='word_1_25' title='bbox 961 410 1021 437; x_wconf 88' lang='lat' dir='ltr'>tam</span> <span class='ocrx_word' id='word_1_26' title='bbox 1054 401 1093 436; x_wconf 86' lang='lat' dir='ltr'>de</span> 
     </span>
     <span class='ocr_line' id='line_1_10' title="bbox 347 451 1093 500; baseline -0.001 -14"><span class='ocrx_word' id='word_1_27' title='bbox 347 453 406 486; x_wconf 75' lang='lat' dir='ltr'>vita</span> <span class='ocrx_word' id='word_1_28' title='bbox 430 453 530 499; x_wconf 91' lang='lat' dir='ltr'>ipsius</span> <span class='ocrx_word' id='word_1_29' title='bbox 563 451 698 491; x_wconf 87' lang='lat' dir='ltr'>abbatis,</span> <span class='ocrx_word' id='word_1_30' title='bbox 731 465 825 500; x_wconf 86' lang='lat' dir='ltr'>qnam</span> <span class='ocrx_word' id='word_1_31' title='bbox 858 452 897 486; x_wconf 90' lang='lat' dir='ltr'>de</span> <span class='ocrx_word' id='word_1_32' title='bbox 935 451 1093 486; x_wconf 79' lang='lat' dir='ltr'>miraculis</span> 
     </span>
     <span class='ocr_line' id='line_1_11' title="bbox 345 500 1091 548; baseline -0.003 -12"><span class='ocrx_word' id='word_1_33' title='bbox 345 501 533 547; x_wconf 81' lang='lat' dir='ltr'>supradictis</span> <span class='ocrx_word' id='word_1_34' title='bbox 555 501 736 548; x_wconf 80' lang='lat' dir='ltr'>diligentins</span> <span class='ocrx_word' id='word_1_35' title='bbox 759 503 932 543; x_wconf 82' lang='lat' dir='ltr'>veritatem,</span> <span class='ocrx_word' id='word_1_36' title='bbox 955 509 986 535; x_wconf 85' lang='lat' dir='ltr'>et</span> <span class='ocrx_word' id='word_1_37' title='bbox 1008 500 1091 548; x_wconf 90' lang='lat' dir='ltr'>quod</span> 
     </span>
     <span class='ocr_line' id='line_1_12' title="bbox 344 550 1093 597; baseline -0.001 -12"><span class='ocrx_word' id='word_1_38' title='bbox 344 562 441 597; x_wconf 90' lang='lat' dir='ltr'>super</span> <span class='ocrx_word' id='word_1_39' title='bbox 461 551 510 585; x_wconf 86' lang='lat' dir='ltr'>liis</span> <span class='ocrx_word' id='word_1_40' title='bbox 535 551 716 586; x_wconf 91' lang='lat' dir='ltr'>inveneritis</span> <span class='ocrx_word' id='word_1_41' title='bbox 742 551 804 585; x_wconf 84' lang='lat' dir='ltr'>sub</span> <span class='ocrx_word' id='word_1_42' title='bbox 835 550 944 596; x_wconf 76' lang='lat' dir='ltr'>sigillis</span> <span class='ocrx_word' id='word_1_43' title='bbox 984 550 1093 584; x_wconf 90' lang='lat' dir='ltr'>vestris</span> 
     </span>
     <span class='ocr_line' id='line_1_13' title="bbox 346 599 1093 646; baseline -0.001 -12"><span class='ocrx_word' id='word_1_44' title='bbox 346 599 436 634; x_wconf 90' lang='lat' dir='ltr'>nobis</span> <span class='ocrx_word' id='word_1_45' title='bbox 458 600 623 635; x_wconf 70' lang='lat' dir='ltr'>remittatis</span> <span class='ocrx_word' id='word_1_46' title='bbox 647 600 819 641; x_wconf 81' lang='lat' dir='ltr'>inclusum,</span> <span class='ocrx_word' id='word_1_47' title='bbox 862 608 893 634; x_wconf 87' lang='lat' dir='ltr'>ut</span> <span class='ocrx_word' id='word_1_48' title='bbox 934 607 1093 646; x_wconf 82' lang='lat' dir='ltr'>praeeunte</span> 
     </span>
     <span class='ocr_line' id='line_1_14' title="bbox 344 649 1094 698; baseline 0 -15"><span class='ocrx_word' id='word_1_49' title='bbox 344 649 447 684; x_wconf 84' lang='lat' dir='ltr'>divina</span> <span class='ocrx_word' id='word_1_50' title='bbox 474 649 583 696; x_wconf 83' lang='lat' dir='ltr'>gratia,</span> <span class='ocrx_word' id='word_1_51' title='bbox 605 658 637 685; x_wconf 89' lang='lat' dir='ltr'>et</span> <span class='ocrx_word' id='word_1_52' title='bbox 662 659 825 698; x_wconf 88' lang='lat' dir='ltr'>sequente,</span> <span class='ocrx_word' id='word_1_53' title='bbox 848 658 1021 684; x_wconf 89' lang='lat' dir='ltr'>statuamus</span> <span class='ocrx_word' id='word_1_54' title='bbox 1044 660 1094 684; x_wconf 84' lang='lat' dir='ltr'>ex-</span> 
     </span>
     <span class='ocr_line' id='line_1_15' title="bbox 344 699 881 746; baseline -0.002 -13"><span class='ocrx_word' id='word_1_55' title='bbox 344 699 417 734; x_wconf 85' lang='lat' dir='ltr'>inde</span> <span class='ocrx_word' id='word_1_56' title='bbox 438 699 522 746; x_wconf 90' lang='lat' dir='ltr'>quod</span> <span class='ocrx_word' id='word_1_57' title='bbox 545 699 639 735; x_wconf 80' lang='lat' dir='ltr'>fuerit</span> <span class='ocrx_word' id='word_1_58' title='bbox 666 699 881 735; x_wconf 84' lang='lat' dir='ltr'>statuendum.</span> 
     </span>
    </p>

    <p class='ocr_par' dir='ltr' id='par_1_5' title="bbox 342 747 1091 882">
     <span class='ocr_line' id='line_1_16' title="bbox 393 747 1090 796; baseline -0.004 -13"><span class='ocrx_word' id='word_1_59' title='bbox 393 748 507 783; x_wconf 87' lang='lat' dir='ltr'>Datum</span> <span class='ocrx_word' id='word_1_60' title='bbox 528 748 649 784; x_wconf 89' lang='lat' dir='ltr'>Romae</span> <span class='ocrx_word' id='word_1_61' title='bbox 671 749 754 796; x_wconf 86' lang='lat' dir='ltr'>apud</span> <span class='ocrx_word' id='word_1_62' title='bbox 782 748 933 783; x_wconf 87' lang='lat' dir='ltr'>Sanctum</span> <span class='ocrx_word' id='word_1_63' title='bbox 963 747 1090 781; x_wconf 73' lang='lat' dir='ltr'>Petrum</span> 
     </span>
     <span class='ocr_line' id='line_1_17' title="bbox 342 797 1091 845; baseline -0.003 -13"><span class='ocrx_word' id='word_1_64' title='bbox 342 798 453 845; x_wconf 86' lang='lat' dir='ltr'>quinto</span> <span class='ocrx_word' id='word_1_65' title='bbox 473 797 623 833; x_wconf 81' lang='lat' dir='ltr'><strong>kalendas</strong></span> <span class='ocrx_word' id='word_1_66' title='bbox 649 798 739 842; x_wconf 80' lang='lat' dir='ltr'>iunii,</span> <span class='ocrx_word' id='word_1_67' title='bbox 768 797 967 845; x_wconf 72' lang='lat' dir='ltr'>pontificatus</span> <span class='ocrx_word' id='word_1_68' title='bbox 993 798 1091 831; x_wconf 80' lang='lat' dir='ltr'>nostri</span> 
     </span>
     <span class='ocr_line' id='line_1_18' title="bbox 343 847 603 882; baseline 0.004 -1"><span class='ocrx_word' id='word_1_69' title='bbox 343 859 425 882; x_wconf 89' lang='lat' dir='ltr'>anno</span> <span class='ocrx_word' id='word_1_70' title='bbox 451 847 603 882; x_wconf 88' lang='lat' dir='ltr'>secundo.</span> 
     </span>
    </p>
   </div>
   <div class='ocr_carea' id='block_1_5' title="bbox 383 908 1051 948">
    <p class='ocr_par' dir='ltr' id='par_1_6' title="bbox 383 908 1051 948">
     <span class='ocr_line' id='line_1_19' title="bbox 383 908 1051 948; baseline -0.003 -10"><span class='ocrx_word' id='word_1_71' title='bbox 383 909 441 939; x_wconf 83' lang='lat' dir='ltr'>Dat.</span> <span class='ocrx_word' id='word_1_72' title='bbox 465 909 511 939; x_wconf 87' lang='lat' dir='ltr'>die</span> <span class='ocrx_word' id='word_1_73' title='bbox 534 909 571 938; x_wconf 66' lang='lat'>28</span> <span class='ocrx_word' id='word_1_74' title='bbox 599 909 665 939; x_wconf 87' lang='lat' dir='ltr'>niaii</span> <span class='ocrx_word' id='word_1_75' title='bbox 691 908 776 943; x_wconf 69' lang='lat'>1218,</span> <span class='ocrx_word' id='word_1_76' title='bbox 800 908 901 948; x_wconf 83' lang='lat' dir='ltr'>pontis.</span> <span class='ocrx_word' id='word_1_77' title='bbox 925 917 1000 937; x_wconf 87' lang='lat' dir='ltr'>anno</span> <span class='ocrx_word' id='word_1_78' title='bbox 1024 917 1051 937; x_wconf 81' lang='grc' dir='ltr'>ιι.</span> 
     </span>
    </p>
   </div>
   <div class='ocr_carea' id='block_1_6' title="bbox 649 970 791 978">
    <p class='ocr_par' dir='ltr' id='par_1_7' title="bbox 649 970 791 978">
     <span class='ocr_line' id='line_1_20' title="bbox 649 970 791 978; baseline 0 2245"><span class='ocrx_word' id='word_1_79' title='bbox 649 970 791 978; x_wconf 95' lang='lat' dir='ltr'> </span> 
     </span>
    </p>
   </div>
   <div class='ocr_carea' id='block_1_7' title="bbox 342 1048 1093 1161">
    <p class='ocr_par' dir='ltr' id='par_1_8' title="bbox 342 1048 1093 1161">
     <span class='ocr_line' id='line_1_21' title="bbox 669 1048 786 1083; baseline 0 0"><span class='ocrx_word' id='word_1_80' title='bbox 669 1048 786 1083; x_wconf 79' lang='lat' dir='ltr'>XXVI.</span> 
     </span>
     <span class='ocr_line' id='line_1_22' title="bbox 342 1115 1093 1161; baseline -0.007 -10"><span class='ocrx_word' id='word_1_81' title='bbox 342 1118 559 1151; x_wconf 77' lang='lat' dir='ltr'>Demandalur</span> <span class='ocrx_word' id='word_1_82' title='bbox 578 1117 736 1161; x_wconf 76' lang='lat' dir='ltr'>inquisitio</span> <span class='ocrx_word' id='word_1_83' title='bbox 758 1127 849 1159; x_wconf 80' lang='lat' dir='ltr'>super</span> <span class='ocrx_word' id='word_1_84' title='bbox 881 1115 945 1147; x_wconf 76' lang='lat' dir='ltr'>vita</span> <span class='ocrx_word' id='word_1_85' title='bbox 980 1121 1005 1146; x_wconf 81' lang='lat' dir='ltr'>e!</span> <span class='ocrx_word' id='word_1_86' title='bbox 1033 1115 1093 1147; x_wconf 76' lang='lat' dir='ltr'>mi-</span> 
     </span>
    </p>
   </div>
   <div class='ocr_carea' id='block_1_8' title="bbox 388 1164 1094 1255">
    <p class='ocr_par' dir='ltr' id='par_1_9' title="bbox 388 1164 1094 1255">
     <span class='ocr_line' id='line_1_23' title="bbox 389 1164 1094 1208; baseline -0.006 -9"><span class='ocrx_word' id='word_1_87' title='bbox 389 1167 502 1200; x_wconf 74' lang='lat' dir='ltr'>raculis</span> <span class='ocrx_word' id='word_1_88' title='bbox 524 1166 653 1199; x_wconf 79' lang='lat' dir='ltr'>Ioannis</span> <span class='ocrx_word' id='word_1_89' title='bbox 682 1166 836 1198; x_wconf 80' lang='lat' dir='ltr'>Eremitae</span> <span class='ocrx_word' id='word_1_90' title='bbox 873 1164 988 1208; x_wconf 75' lang='lat' dir='ltr'>prioris</span> <span class='ocrx_word' id='word_1_91' title='bbox 1025 1175 1094 1196; x_wconf 83' lang='lat' dir='ltr'>con-</span> 
     </span>
     <span class='ocr_line' id='line_1_24' title="bbox 388 1214 986 1255; baseline -0.005 -7"><span class='ocrx_word' id='word_1_92' title='bbox 388 1223 492 1248; x_wconf 70' lang='lat' dir='ltr'>ventus</span> <span class='ocrx_word' id='word_1_93' title='bbox 520 1215 554 1248; x_wconf 82' lang='lat' dir='ltr'>S.</span> <span class='ocrx_word' id='word_1_94' title='bbox 580 1215 703 1248; x_wconf 77' lang='lat' dir='ltr'>Mariae</span> <span class='ocrx_word' id='word_1_95' title='bbox 723 1215 759 1248; x_wconf 79' lang='lat' dir='ltr'>de</span> <span class='ocrx_word' id='word_1_96' title='bbox 784 1214 908 1247; x_wconf 80' lang='lat' dir='ltr'>Gualdo</span> <span class='ocrx_word' id='word_1_97' title='bbox 930 1215 986 1255; x_wconf 81' lang='lat'>(1).</span> 
     </span>
    </p>
   </div>
   <div class='ocr_carea' id='block_1_9' title="bbox 610 1286 824 1318">
    <p class='ocr_par' dir='ltr' id='par_1_10' title="bbox 610 1286 824 1318">
     <span class='ocr_line' id='line_1_25' title="bbox 610 1286 824 1318; baseline -0.009 0"><span class='ocrx_word' id='word_1_98' title='bbox 610 1286 824 1318; x_wconf 72' lang='lat' dir='ltr'>SUMMARlUM</span> 
     </span>
    </p>
   </div>
   <div class='ocr_carea' id='block_1_10' title="bbox 339 1348 1094 1478">
    <p class='ocr_par' dir='ltr' id='par_1_11' title="bbox 339 1348 1094 1478">
     <span class='ocr_line' id='line_1_26' title="bbox 339 1348 1094 1381; baseline -0.007 0"><span class='ocrx_word' id='word_1_99' title='bbox 339 1351 507 1381; x_wconf 81' lang='lat' dir='ltr'>Exordium.</span> <span class='ocrx_word' id='word_1_100' title='bbox 522 1367 562 1372; x_wconf 98' lang='lat'><strong>—</strong></span> <span class='ocrx_word' id='word_1_101' title='bbox 573 1348 796 1379; x_wconf 86' lang='lat' dir='ltr'>Commissionis</span> <span class='ocrx_word' id='word_1_102' title='bbox 813 1357 948 1377; x_wconf 79' lang='lat' dir='ltr'>caussae.</span> <span class='ocrx_word' id='word_1_103' title='bbox 963 1365 1002 1370; x_wconf 91' lang='lat'>—-</span> <span class='ocrx_word' id='word_1_104' title='bbox 1016 1348 1094 1377; x_wconf 80' lang='lat' dir='ltr'>Man-</span> 
     </span>
     <span class='ocr_line' id='line_1_27' title="bbox 380 1391 1094 1425; baseline -0.004 -1"><span class='ocrx_word' id='word_1_105' title='bbox 380 1396 429 1425; x_wconf 85' lang='lat' dir='ltr'>dat</span> <span class='ocrx_word' id='word_1_106' title='bbox 451 1400 482 1424; x_wconf 91' lang='lat' dir='ltr'>ut</span> <span class='ocrx_word' id='word_1_107' title='bbox 503 1395 538 1424; x_wconf 89' lang='lat' dir='ltr'>de</span> <span class='ocrx_word' id='word_1_108' title='bbox 566 1395 620 1424; x_wconf 83' lang='lat' dir='ltr'>vita</span> <span class='ocrx_word' id='word_1_109' title='bbox 650 1398 678 1423; x_wconf 91' lang='lat' dir='ltr'>et</span> <span class='ocrx_word' id='word_1_110' title='bbox 709 1392 860 1423; x_wconf 77' lang='lat' dir='ltr'>miraculis</span> <span class='ocrx_word' id='word_1_111' title='bbox 883 1391 1001 1422; x_wconf 80' lang='lat' dir='ltr'>Ioannis</span> <span class='ocrx_word' id='word_1_112' title='bbox 1025 1392 1094 1422; x_wconf 89' lang='lat' dir='ltr'>Ere-</span> 
     </span>
     <span class='ocr_line' id='line_1_28' title="bbox 381 1439 652 1478; baseline -0.007 -10"><span class='ocrx_word' id='word_1_113' title='bbox 381 1439 468 1468; x_wconf 89' lang='lat' dir='ltr'>mitae</span> <span class='ocrx_word' id='word_1_114' title='bbox 491 1439 652 1478; x_wconf 84' lang='lat' dir='ltr'>inquirant.</span> 
     </span>
    </p>
   </div>
   <div class='ocr_carea' id='block_1_11' title="bbox 341 1511 1097 1737">
    <p class='ocr_par' dir='ltr' id='par_1_12' title="bbox 341 1511 1097 1737">
     <span class='ocr_line' id='line_1_29' title="bbox 341 1511 1097 1548; baseline -0.003 -7"><span class='ocrx_word' id='word_1_115' title='bbox 341 1512 472 1541; x_wconf 77' lang='lat' dir='ltr'>Honorius</span> <span class='ocrx_word' id='word_1_116' title='bbox 489 1512 630 1548; x_wconf 78' lang='lat' dir='ltr'>opiscopus</span> <span class='ocrx_word' id='word_1_117' title='bbox 653 1518 749 1540; x_wconf 83' lang='lat' dir='ltr'>servus</span> <span class='ocrx_word' id='word_1_118' title='bbox 764 1518 905 1540; x_wconf 80' lang='lat' dir='ltr'>servorum</span> <span class='ocrx_word' id='word_1_119' title='bbox 932 1511 988 1544; x_wconf 81' lang='lat' dir='ltr'>Dei,</span> <span class='ocrx_word' id='word_1_120' title='bbox 1017 1518 1097 1540; x_wconf 80' lang='lat' dir='ltr'>vena-</span> 
     </span>
     <span class='ocr_line' id='line_1_30' title="bbox 384 1560 1094 1596; baseline -0.001 -7"><span class='ocrx_word' id='word_1_121' title='bbox 384 1561 517 1590; x_wconf 82' lang='lat' dir='ltr'>rabilibus</span> <span class='ocrx_word' id='word_1_122' title='bbox 535 1560 673 1589; x_wconf 74' lang='lat' dir='ltr'>fratribus</span> <span class='ocrx_word' id='word_1_123' title='bbox 690 1560 885 1596; x_wconf 80' lang='lat' dir='ltr'>Dragonarien.</span> <span class='ocrx_word' id='word_1_124' title='bbox 905 1562 936 1589; x_wconf 86' lang='lat' dir='ltr'>et</span> <span class='ocrx_word' id='word_1_125' title='bbox 954 1561 1094 1589; x_wconf 80' lang='lat' dir='ltr'>Luthorin.</span> 
     </span>
     <span class='ocr_line' id='line_1_31' title="bbox 385 1608 1096 1646; baseline -0.001 -8"><span class='ocrx_word' id='word_1_126' title='bbox 385 1609 518 1646; x_wconf 79' lang='lat' dir='ltr'>episcopis</span> <span class='ocrx_word' id='word_1_127' title='bbox 537 1616 568 1637; x_wconf 77' lang='lat' dir='ltr'>ac</span> <span class='ocrx_word' id='word_1_128' title='bbox 583 1608 683 1637; x_wconf 75' lang='lat' dir='ltr'>dilecto</span> <span class='ocrx_word' id='word_1_129' title='bbox 696 1608 750 1637; x_wconf 82' lang='lat' dir='ltr'>filio</span> <span class='ocrx_word' id='word_1_130' title='bbox 776 1609 863 1644; x_wconf 80' lang='lat' dir='ltr'>priori</span> <span class='ocrx_word' id='word_1_131' title='bbox 889 1609 979 1638; x_wconf 84' lang='lat' dir='ltr'>sancti</span> <span class='ocrx_word' id='word_1_132' title='bbox 998 1609 1096 1638; x_wconf 77' lang='lat' dir='ltr'>Fortu—</span> 
     </span>
     <span class='ocr_line' id='line_1_32' title="bbox 384 1657 1095 1693; baseline -0.004 -5"><span class='ocrx_word' id='word_1_133' title='bbox 384 1659 447 1688; x_wconf 82' lang='lat' dir='ltr'>nati</span> <span class='ocrx_word' id='word_1_134' title='bbox 464 1659 644 1687; x_wconf 69' lang='lat' dir='ltr'>Beneventum</span> <span class='ocrx_word' id='word_1_135' title='bbox 663 1657 805 1691; x_wconf 80' lang='lat' dir='ltr'>dioecesis,</span> <span class='ocrx_word' id='word_1_136' title='bbox 827 1657 947 1686; x_wconf 75' lang='lat' dir='ltr'>salutem</span> <span class='ocrx_word' id='word_1_137' title='bbox 975 1659 1006 1685; x_wconf 83' lang='lat' dir='ltr'>et</span> <span class='ocrx_word' id='word_1_138' title='bbox 1033 1664 1095 1693; x_wconf 82' lang='lat' dir='ltr'>apo-</span> 
     </span>
     <span class='ocr_line' id='line_1_33' title="bbox 385 1707 754 1737; baseline -0.008 0"><span class='ocrx_word' id='word_1_139' title='bbox 385 1708 512 1737; x_wconf 80' lang='lat' dir='ltr'>stolicam</span> <span class='ocrx_word' id='word_1_140' title='bbox 530 1707 754 1736; x_wconf 78' lang='lat' dir='ltr'>benedictionem.</span> 
     </span>
    </p>
   </div>
   <div class='ocr_carea' id='block_1_12' title="bbox 389 1778 765 1826">
    <p class='ocr_par' dir='ltr' id='par_1_13' title="bbox 389 1778 765 1826">
     <span class='ocr_line' id='line_1_34' title="bbox 389 1778 765 1826; baseline -0.005 -12"><span class='ocrx_word' id='word_1_141' title='bbox 389 1779 561 1814; x_wconf 79' lang='lat' dir='ltr'>ineffabilis</span> <span class='ocrx_word' id='word_1_142' title='bbox 603 1778 765 1826; x_wconf 85' lang='lat' dir='ltr'>Sapientia</span> 
     </span>
    </p>
   </div>
   <div class='ocr_carea' id='block_1_13' title="bbox 340 1876 1105 2612">
    <p class='ocr_par' dir='ltr' id='par_1_14' title="bbox 340 1876 1105 2612">
     <span class='ocr_line' id='line_1_35' title="bbox 342 1876 1096 1926; baseline -0.003 -14"><span class='ocrx_word' id='word_1_143' title='bbox 342 1886 508 1926; x_wconf 82' lang='lat' dir='ltr'>potestate,</span> <span class='ocrx_word' id='word_1_144' title='bbox 526 1877 750 1923; x_wconf 81' lang='lat' dir='ltr'>temporalium</span> <span class='ocrx_word' id='word_1_145' title='bbox 773 1877 866 1911; x_wconf 82' lang='lat' dir='ltr'>etiam</span> <span class='ocrx_word' id='word_1_146' title='bbox 903 1876 996 1910; x_wconf 89' lang='lat' dir='ltr'>habet</span> <span class='ocrx_word' id='word_1_147' title='bbox 1031 1877 1096 1911; x_wconf 89' lang='lat' dir='ltr'>sola</span> 
     </span>
     <span class='ocr_line' id='line_1_36' title="bbox 342 1926 1096 1975; baseline -0.001 -14"><span class='ocrx_word' id='word_1_148' title='bbox 342 1927 510 1975; x_wconf 76' lang='lat' dir='ltr'>perfectam</span> <span class='ocrx_word' id='word_1_149' title='bbox 539 1926 680 1961; x_wconf 86' lang='lat' dir='ltr'>notitiam</span> <span class='ocrx_word' id='word_1_150' title='bbox 707 1926 884 1969; x_wconf 78' lang='lat' dir='ltr'>actionum⁷</span> <span class='ocrx_word' id='word_1_151' title='bbox 918 1937 999 1971; x_wconf 86' lang='lat' dir='ltr'>quae</span> <span class='ocrx_word' id='word_1_152' title='bbox 1034 1938 1096 1972; x_wconf 89' lang='lat' dir='ltr'>quo</span> 
     </span>
     <span class='ocr_line' id='line_1_37' title="bbox 340 1975 1097 2021; baseline -0.003 -11"><span class='ocrx_word' id='word_1_153' title='bbox 340 1977 416 2010; x_wconf 78' lang='lat' dir='ltr'>liant</span> <span class='ocrx_word' id='word_1_154' title='bbox 437 1976 543 2010; x_wconf 88' lang='lat' dir='ltr'>animo</span> <span class='ocrx_word' id='word_1_155' title='bbox 569 1987 632 2010; x_wconf 90' lang='lat' dir='ltr'>non</span> <span class='ocrx_word' id='word_1_156' title='bbox 656 1975 822 2020; x_wconf 85' lang='lat' dir='ltr'>ignorans,</span> <span class='ocrx_word' id='word_1_157' title='bbox 853 1986 965 2021; x_wconf 88' lang='lat' dir='ltr'>opera,</span> <span class='ocrx_word' id='word_1_158' title='bbox 989 1987 1097 2021; x_wconf 88' lang='lat' dir='ltr'>quan—-</span> 
     </span>
     <span class='ocr_line' id='line_1_38' title="bbox 340 2022 1096 2072; baseline -0.004 -12"><span class='ocrx_word' id='word_1_159' title='bbox 340 2034 549 2072; x_wconf 91' lang='lat' dir='ltr'>tumcumque</span> <span class='ocrx_word' id='word_1_160' title='bbox 582 2024 747 2058; x_wconf 81' lang='lat' dir='ltr'>videantur</span> <span class='ocrx_word' id='word_1_161' title='bbox 780 2022 964 2057; x_wconf 89' lang='lat' dir='ltr'>hominibus</span> <span class='ocrx_word' id='word_1_162' title='bbox 990 2031 1096 2069; x_wconf 81' lang='lat' dir='ltr'>grata,</span> 
     </span>
     <span class='ocr_line' id='line_1_39' title="bbox 342 2073 1097 2120; baseline -0.004 -11"><span class='ocrx_word' id='word_1_163' title='bbox 342 2073 490 2120; x_wconf 89' lang='lat' dir='ltr'>reprobat</span> <span class='ocrx_word' id='word_1_164' title='bbox 519 2075 578 2109; x_wconf 92' lang='lat' dir='ltr'>nisi</span> <span class='ocrx_word' id='word_1_165' title='bbox 607 2085 643 2107; x_wconf 92' lang='lat' dir='ltr'>ea</span> <span class='ocrx_word' id='word_1_166' title='bbox 667 2073 799 2107; x_wconf 82' lang='lat' dir='ltr'>vivificet</span> <span class='ocrx_word' id='word_1_167' title='bbox 823 2073 892 2119; x_wconf 87' lang='lat' dir='ltr'>piae</span> <span class='ocrx_word' id='word_1_168' title='bbox 908 2073 1097 2118; x_wconf 88' lang='lat' dir='ltr'>operationis</span> 
     </span>
     <span class='ocr_line' id='line_1_40' title="bbox 341 2121 1098 2168; baseline -0.003 -11"><span class='ocrx_word' id='word_1_169' title='bbox 341 2123 486 2158; x_wconf 80' lang='lat' dir='ltr'>affectus.</span> <span class='ocrx_word' id='word_1_170' title='bbox 515 2123 605 2158; x_wconf 89' lang='lat' dir='ltr'>Sicut</span> <span class='ocrx_word' id='word_1_171' title='bbox 636 2122 753 2157; x_wconf 86' lang='lat' dir='ltr'>etenim</span> <span class='ocrx_word' id='word_1_172' title='bbox 796 2121 928 2168; x_wconf 82' lang='lat' dir='ltr'>angelus</span> <span class='ocrx_word' id='word_1_173' title='bbox 964 2121 1098 2155; x_wconf 87' lang='lat' dir='ltr'>Satanae</span> 
     </span>
     <span class='ocr_line' id='line_1_41' title="bbox 342 2170 1100 2220; baseline -0.004 -13"><span class='ocrx_word' id='word_1_174' title='bbox 342 2185 376 2207; x_wconf 82' lang='lat' dir='ltr'>se</span> <span class='ocrx_word' id='word_1_175' title='bbox 399 2173 592 2220; x_wconf 88' lang='lat' dir='ltr'>quandoque</span> <span class='ocrx_word' id='word_1_176' title='bbox 616 2172 646 2206; x_wconf 90' lang='lat' dir='ltr'>in</span> <span class='ocrx_word' id='word_1_177' title='bbox 680 2172 760 2205; x_wconf 87' lang='lat' dir='ltr'>lueis</span> <span class='ocrx_word' id='word_1_178' title='bbox 794 2170 941 2217; x_wconf 80' lang='lat' dir='ltr'>angelum</span> <span class='ocrx_word' id='word_1_179' title='bbox 979 2170 1100 2205; x_wconf 89' lang='lat' dir='ltr'>transli—</span> 
     </span>
     <span class='ocr_line' id='line_1_42' title="bbox 342 2220 1101 2269; baseline -0.004 -13"><span class='ocrx_word' id='word_1_180' title='bbox 342 2230 446 2267; x_wconf 76' lang='lat' dir='ltr'>gurat,</span> <span class='ocrx_word' id='word_1_181' title='bbox 467 2222 512 2256; x_wconf 86' lang='lat' dir='ltr'>sic</span> <span class='ocrx_word' id='word_1_182' title='bbox 531 2221 673 2269; x_wconf 83' lang='lat' dir='ltr'>plerique</span> <span class='ocrx_word' id='word_1_183' title='bbox 708 2220 902 2267; x_wconf 85' lang='lat' dir='ltr'>impietatem</span> <span class='ocrx_word' id='word_1_184' title='bbox 930 2232 1021 2254; x_wconf 87' lang='lat' dir='ltr'>suam</span> <span class='ocrx_word' id='word_1_185' title='bbox 1051 2233 1101 2254; x_wconf 82' lang='lat' dir='ltr'>ve-</span> 
     </span>
     <span class='ocr_line' id='line_1_43' title="bbox 345 2269 1098 2317; baseline -0.005 -11"><span class='ocrx_word' id='word_1_186' title='bbox 345 2272 445 2306; x_wconf 85' lang='lat' dir='ltr'>lantes</span> <span class='ocrx_word' id='word_1_187' title='bbox 467 2271 528 2306; x_wconf 84' lang='lat' dir='ltr'>sub</span> <span class='ocrx_word' id='word_1_188' title='bbox 552 2270 663 2305; x_wconf 84' lang='lat' dir='ltr'>vellere</span> <span class='ocrx_word' id='word_1_189' title='bbox 692 2269 815 2317; x_wconf 88' lang='lat' dir='ltr'>pietatis</span> <span class='ocrx_word' id='word_1_190' title='bbox 842 2278 1000 2316; x_wconf 87' lang='lat' dir='ltr'>tamquam</span> <span class='ocrx_word' id='word_1_191' title='bbox 1042 2281 1098 2316; x_wconf 86' lang='lat' dir='ltr'>pa-</span> 
     </span>
     <span class='ocr_line' id='line_1_44' title="bbox 345 2318 1100 2366; baseline -0.003 -12"><span class='ocrx_word' id='word_1_192' title='bbox 345 2321 439 2354; x_wconf 89' lang='lat' dir='ltr'>rietes</span> <span class='ocrx_word' id='word_1_193' title='bbox 465 2320 599 2354; x_wconf 89' lang='lat' dir='ltr'>dealbati</span> <span class='ocrx_word' id='word_1_194' title='bbox 629 2331 684 2366; x_wconf 87' lang='lat' dir='ltr'>per</span> <span class='ocrx_word' id='word_1_195' title='bbox 710 2318 819 2352; x_wconf 87' lang='lat' dir='ltr'>falsam</span> <span class='ocrx_word' id='word_1_196' title='bbox 848 2318 1010 2364; x_wconf 83' lang='lat' dir='ltr'>religionis</span> <span class='ocrx_word' id='word_1_197' title='bbox 1026 2330 1100 2365; x_wconf 89' lang='lat' dir='ltr'>spe-</span> 
     </span>
     <span class='ocr_line' id='line_1_45' title="bbox 345 2368 1101 2416; baseline -0.003 -13"><span class='ocrx_word' id='word_1_198' title='bbox 345 2370 440 2414; x_wconf 80' lang='lat' dir='ltr'>ciem,</span> <span class='ocrx_word' id='word_1_199' title='bbox 482 2381 578 2416; x_wconf 89' lang='lat' dir='ltr'>quam</span> <span class='ocrx_word' id='word_1_200' title='bbox 622 2368 846 2415; x_wconf 82' lang='lat' dir='ltr'>praetendunt⁷</span> <span class='ocrx_word' id='word_1_201' title='bbox 889 2368 1101 2414; x_wconf 80' lang='lat' dir='ltr'>ignominiose</span> 
     </span>
     <span class='ocr_line' id='line_1_46' title="bbox 348 2416 1101 2464; baseline -0.003 -12"><span class='ocrx_word' id='word_1_202' title='bbox 348 2430 466 2453; x_wconf 89' lang='lat' dir='ltr'>nomen</span> <span class='ocrx_word' id='word_1_203' title='bbox 488 2418 547 2453; x_wconf 91' lang='lat' dir='ltr'>sibi</span> <span class='ocrx_word' id='word_1_204' title='bbox 570 2418 741 2452; x_wconf 85' lang='lat' dir='ltr'>sanctitatis</span> <span class='ocrx_word' id='word_1_205' title='bbox 765 2426 942 2464; x_wconf 86' lang='lat' dir='ltr'>usurpant,</span> <span class='ocrx_word' id='word_1_206' title='bbox 978 2426 1008 2451; x_wconf 88' lang='lat' dir='ltr'>et</span> <span class='ocrx_word' id='word_1_207' title='bbox 1043 2416 1101 2450; x_wconf 85' lang='lat' dir='ltr'>fal-</span> 
     </span>
     <span class='ocr_line' id='line_1_47' title="bbox 349 2467 1102 2514; baseline 0 -14"><span class='ocrx_word' id='word_1_208' title='bbox 349 2467 450 2502; x_wconf 82' lang='lat' dir='ltr'>lentes</span> <span class='ocrx_word' id='word_1_209' title='bbox 491 2468 659 2514; x_wconf 89' lang='lat' dir='ltr'>opiniones</span> <span class='ocrx_word' id='word_1_210' title='bbox 694 2467 873 2508; x_wconf 81' lang='lat' dir='ltr'>hominum,</span> <span class='ocrx_word' id='word_1_211' title='bbox 911 2467 1102 2513; x_wconf 79' lang='lat' dir='ltr'>etseipSOS,</span> 
     </span>
     <span class='ocr_line' id='line_1_48' title="bbox 349 2514 1102 2563; baseline 0 -14"><span class='ocrx_word' id='word_1_212' title='bbox 349 2515 466 2556; x_wconf 85' lang='lat' dir='ltr'>Deum,</span> <span class='ocrx_word' id='word_1_213' title='bbox 483 2517 537 2563; x_wconf 90' lang='lat' dir='ltr'>qui</span> <span class='ocrx_word' id='word_1_214' title='bbox 555 2529 616 2552; x_wconf 91' lang='lat' dir='ltr'>non</span> <span class='ocrx_word' id='word_1_215' title='bbox 635 2515 796 2554; x_wconf 85' lang='lat' dir='ltr'>irridetur,</span> <span class='ocrx_word' id='word_1_216' title='bbox 820 2527 882 2550; x_wconf 91' lang='lat' dir='ltr'>non</span> <span class='ocrx_word' id='word_1_217' title='bbox 905 2515 1026 2556; x_wconf 83' lang='lat' dir='ltr'>fallunt,</span> <span class='ocrx_word' id='word_1_218' title='bbox 1049 2514 1102 2549; x_wconf 89' lang='lat' dir='ltr'>sed</span> 
     </span>
     <span class='ocr_line' id='line_1_49' title="bbox 351 2564 1105 2612; baseline 0 -15"><span class='ocrx_word' id='word_1_219' title='bbox 351 2565 435 2598; x_wconf 89' lang='lat' dir='ltr'>iusto</span> <span class='ocrx_word' id='word_1_220' title='bbox 457 2566 525 2599; x_wconf 89' lang='lat' dir='ltr'>eius</span> <span class='ocrx_word' id='word_1_221' title='bbox 547 2565 661 2600; x_wconf 91' lang='lat' dir='ltr'>iudicio</span> <span class='ocrx_word' id='word_1_222' title='bbox 685 2564 917 2612; x_wconf 87' lang='lat' dir='ltr'>relinquuntur.</span> <span class='ocrx_word' id='word_1_223' title='bbox 946 2564 1030 2598; x_wconf 84' lang='lat' dir='ltr'>Licet</span> <span class='ocrx_word' id='word_1_224' title='bbox 1048 2564 1105 2610; x_wconf 82' lang='lat' dir='ltr'>igi-</span> 
     </span>
    </p>
   </div>
   <div class='ocr_carea' id='block_1_14' title="bbox 388 2629 709 2663">
    <p class='ocr_par' dir='ltr' id='par_1_15' title="bbox 388 2629 709 2663">
     <span class='ocr_line' id='line_1_50' title="bbox 388 2629 709 2663; baseline 0.006 -10"><span class='ocrx_word' id='word_1_225' title='bbox 388 2630 427 2662; x_wconf 66' lang='grc' dir='ltr'>(ἱ)</span> <span class='ocrx_word' id='word_1_226' title='bbox 446 2629 482 2654; x_wconf 57' lang='lat' dir='ltr'>Ex</span> <span class='ocrx_word' id='word_1_227' title='bbox 504 2630 607 2663; x_wconf 53' lang='lat' dir='ltr'>Urge-t</span> <span class='ocrx_word' id='word_1_228' title='bbox 627 2630 709 2656; x_wconf 78' lang='lat' dir='ltr'>Vatic.</span> 
     </span>
    </p>
   </div>
   <div class='ocr_carea' id='block_1_15' title="bbox 193 1770 1888 1884">
    <p class='ocr_par' dir='ltr' id='par_1_16' title="bbox 193 1770 1888 1884">
     <span class='ocr_line' id='line_1_51' title="bbox 821 1770 1118 1823; baseline 0 -11"><span class='ocrx_word' id='word_1_229' title='bbox 821 1777 955 1813; x_wconf 86' lang='lat' dir='ltr'>Deitatis</span> <span class='ocrx_word' id='word_1_230' title='bbox 1004 1770 1118 1823; x_wconf 71' lang='lat' dir='ltr'>nosse}</span> 
     </span>
     <span class='ocr_line' id='line_1_52' title="bbox 193 1824 1888 1884; baseline -0.001 -23"><span class='ocrx_word' id='word_1_231' title='bbox 193 1847 224 1861; x_wconf 55' lang='grc' dir='ltr'>ιω</span> <span class='ocrx_word' id='word_1_232' title='bbox 245 1842 292 1861; x_wconf 62' lang='lat' dir='ltr'>ium.</span> <span class='ocrx_word' id='word_1_233' title='bbox 341 1838 495 1876; x_wconf 87' lang='lat' dir='ltr'>tempora,</span> <span class='ocrx_word' id='word_1_234' title='bbox 523 1829 570 1862; x_wconf 80' lang='lat' dir='ltr'>vel</span> <span class='ocrx_word' id='word_1_235' title='bbox 605 1835 763 1862; x_wconf 83' lang='lat' dir='ltr'>momenta</span> <span class='ocrx_word' id='word_1_236' title='bbox 798 1827 827 1861; x_wconf 92' lang='lat' dir='ltr'>in</span> <span class='ocrx_word' id='word_1_237' title='bbox 862 1839 917 1861; x_wconf 90' lang='lat' dir='ltr'>sua</span> <span class='ocrx_word' id='word_1_238' title='bbox 959 1828 1096 1861; x_wconf 90' lang='lat' dir='ltr'>retinens</span> <span class='ocrx_word' id='word_1_239' title='bbox 1115 1824 1119 1884; x_wconf 67' lang='lat' dir='ltr'>i</span> <span class='ocrx_word' id='word_1_240' title='bbox 1138 1829 1323 1861; x_wconf 88' lang='lat' dir='ltr'>censuimus</span> <span class='ocrx_word' id='word_1_241' title='bbox 1350 1826 1600 1874; x_wconf 90' lang='lat' dir='ltr'>procedendum,</span> <span class='ocrx_word' id='word_1_242' title='bbox 1627 1835 1745 1874; x_wconf 86' lang='lat' dir='ltr'>quanto</span> <span class='ocrx_word' id='word_1_243' title='bbox 1772 1827 1804 1862; x_wconf 90' lang='lat' dir='ltr'>in</span> <span class='ocrx_word' id='word_1_244' title='bbox 1848 1827 1888 1861; x_wconf 90' lang='lat' dir='ltr'>iis</span> 
     </span>
    </p>
   </div>
   <div class='ocr_carea' id='block_1_16' title="bbox 923 248 1300 272">
    <p class='ocr_par' dir='ltr' id='par_1_17' title="bbox 923 248 1300 272">
     <span class='ocr_line' id='line_1_53' title="bbox 923 248 1300 272; baseline -0.008 0"><span class='ocrx_word' id='word_1_245' title='bbox 923 249 1060 272; x_wconf 59' lang='lat' dir='ltr'>mmmm</span> <span class='ocrx_word' id='word_1_246' title='bbox 1067 249 1110 271; x_wconf 72' lang='lat' dir='ltr'>ml</span> <span class='ocrx_word' id='word_1_247' title='bbox 1140 248 1300 270; x_wconf 68' lang='lat' dir='ltr'>ROMANt‘M</span> 
     </span>
    </p>
   </div>
   <div class='ocr_carea' id='block_1_17' title="bbox 1133 300 1887 1818">
    <p class='ocr_par' dir='ltr' id='par_1_18' title="bbox 1133 300 1887 1818">
     <span class='ocr_line' id='line_1_54' title="bbox 1137 300 1884 348; baseline -0.001 -12"><span class='ocrx_word' id='word_1_248' title='bbox 1137 310 1186 336; x_wconf 90' lang='lat' dir='ltr'>tur</span> <span class='ocrx_word' id='word_1_249' title='bbox 1213 302 1239 336; x_wconf 91' lang='lat' dir='ltr'>is</span> <span class='ocrx_word' id='word_1_250' title='bbox 1266 301 1319 348; x_wconf 91' lang='lat' dir='ltr'>qui</span> <span class='ocrx_word' id='word_1_251' title='bbox 1345 301 1432 336; x_wconf 83' lang='lat' dir='ltr'>solus</span> <span class='ocrx_word' id='word_1_252' title='bbox 1459 301 1545 337; x_wconf 91' lang='lat' dir='ltr'>novit</span> <span class='ocrx_word' id='word_1_253' title='bbox 1576 300 1758 337; x_wconf 88' lang='lat' dir='ltr'>abscondita</span> <span class='ocrx_word' id='word_1_254' title='bbox 1795 310 1884 336; x_wconf 89' lang='lat' dir='ltr'>tene-</span> 
     </span>
     <span class='ocr_line' id='line_1_55' title="bbox 1136 349 1883 398; baseline 0.001 -14"><span class='ocrx_word' id='word_1_255' title='bbox 1136 350 1274 396; x_wconf 81' lang='lat' dir='ltr'>brarum,</span> <span class='ocrx_word' id='word_1_256' title='bbox 1296 350 1478 386; x_wconf 87' lang='lat' dir='ltr'>huiusmodi</span> <span class='ocrx_word' id='word_1_257' title='bbox 1494 362 1711 398; x_wconf 84' lang='lat' dir='ltr'>perversorum</span> <span class='ocrx_word' id='word_1_258' title='bbox 1734 349 1883 385; x_wconf 90' lang='lat' dir='ltr'>malitiam</span> 
     </span>
     <span class='ocr_line' id='line_1_56' title="bbox 1136 399 1884 446; baseline 0 -12"><span class='ocrx_word' id='word_1_259' title='bbox 1136 400 1174 434; x_wconf 90' lang='lat' dir='ltr'>ab</span> <span class='ocrx_word' id='word_1_260' title='bbox 1200 412 1309 435; x_wconf 89' lang='lat' dir='ltr'>eorum</span> <span class='ocrx_word' id='word_1_261' title='bbox 1337 400 1489 436; x_wconf 85' lang='lat' dir='ltr'>fructibus</span> <span class='ocrx_word' id='word_1_262' title='bbox 1510 413 1578 436; x_wconf 88' lang='lat' dir='ltr'>esse</span> <span class='ocrx_word' id='word_1_263' title='bbox 1600 399 1743 435; x_wconf 87' lang='lat' dir='ltr'>docuerit</span> <span class='ocrx_word' id='word_1_264' title='bbox 1764 411 1884 446; x_wconf 83' lang='lat' dir='ltr'>cogno-</span> 
     </span>
     <span class='ocr_line' id='line_1_57' title="bbox 1136 449 1884 497; baseline -0.001 -13"><span class='ocrx_word' id='word_1_265' title='bbox 1136 449 1298 490; x_wconf 86' lang='lat' dir='ltr'>scendam,</span> <span class='ocrx_word' id='word_1_266' title='bbox 1322 458 1355 484; x_wconf 94' lang='lat' dir='ltr'>ut</span> <span class='ocrx_word' id='word_1_267' title='bbox 1377 457 1481 484; x_wconf 91' lang='lat' dir='ltr'>tamen</span> <span class='ocrx_word' id='word_1_268' title='bbox 1511 450 1590 484; x_wconf 81' lang='lat' dir='ltr'>inter</span> <span class='ocrx_word' id='word_1_269' title='bbox 1611 450 1730 497; x_wconf 86' lang='lat' dir='ltr'>lepram</span> <span class='ocrx_word' id='word_1_270' title='bbox 1772 457 1802 483; x_wconf 79' lang='lat' dir='ltr'>et</span> <span class='ocrx_word' id='word_1_271' title='bbox 1837 449 1884 483; x_wconf 93' lang='lat' dir='ltr'>le-</span> 
     </span>
     <span class='ocr_line' id='line_1_58' title="bbox 1137 497 1884 546; baseline -0.003 -12"><span class='ocrx_word' id='word_1_272' title='bbox 1137 512 1224 545; x_wconf 85' lang='lat' dir='ltr'>pram</span> <span class='ocrx_word' id='word_1_273' title='bbox 1242 499 1354 534; x_wconf 90' lang='lat' dir='ltr'>melius</span> <span class='ocrx_word' id='word_1_274' title='bbox 1368 498 1613 546; x_wconf 80' lang='lat' dir='ltr'>distinguamus,</span> <span class='ocrx_word' id='word_1_275' title='bbox 1627 507 1658 533; x_wconf 90' lang='lat' dir='ltr'>et</span> <span class='ocrx_word' id='word_1_276' title='bbox 1670 510 1750 546; x_wconf 89' lang='lat' dir='ltr'>quae</span> <span class='ocrx_word' id='word_1_277' title='bbox 1767 497 1884 532; x_wconf 85' lang='lat' dir='ltr'>munda</span> 
     </span>
     <span class='ocr_line' id='line_1_59' title="bbox 1135 547 1884 584; baseline -0.001 -2"><span class='ocrx_word' id='word_1_278' title='bbox 1135 548 1250 584; x_wconf 88' lang='lat' dir='ltr'>fuerint</span> <span class='ocrx_word' id='word_1_279' title='bbox 1271 548 1319 584; x_wconf 77' lang='lat' dir='ltr'>vel</span> <span class='ocrx_word' id='word_1_280' title='bbox 1341 548 1504 583; x_wconf 90' lang='lat' dir='ltr'>immunda</span> <span class='ocrx_word' id='word_1_281' title='bbox 1532 549 1670 583; x_wconf 88' lang='lat' dir='ltr'>sciamus</span> <span class='ocrx_word' id='word_1_282' title='bbox 1702 547 1884 582; x_wconf 86' lang='lat' dir='ltr'>discernere</span> 
     </span>
     <span class='ocr_line' id='line_1_60' title="bbox 1134 596 1884 646; baseline -0.003 -13"><span class='ocrx_word' id='word_1_283' title='bbox 1134 599 1311 646; x_wconf 87' lang='lat' dir='ltr'>separando</span> <span class='ocrx_word' id='word_1_284' title='bbox 1325 598 1497 645; x_wconf 89' lang='lat' dir='ltr'>pretiosum</span> <span class='ocrx_word' id='word_1_285' title='bbox 1516 609 1532 632; x_wconf 89' lang='lat' dir='ltr'>a</span> <span class='ocrx_word' id='word_1_286' title='bbox 1551 597 1614 641; x_wconf 82' lang='lat' dir='ltr'>vili,</span> <span class='ocrx_word' id='word_1_287' title='bbox 1636 597 1715 632; x_wconf 89' lang='lat' dir='ltr'>solet</span> <span class='ocrx_word' id='word_1_288' title='bbox 1726 596 1884 631; x_wconf 83' lang='lat' dir='ltr'>Dominus</span> 
     </span>
     <span class='ocr_line' id='line_1_61' title="bbox 1134 646 1883 693; baseline -0.003 -11"><span class='ocrx_word' id='word_1_289' title='bbox 1134 648 1226 682; x_wconf 80' lang='lat' dir='ltr'>vitam</span> <span class='ocrx_word' id='word_1_290' title='bbox 1250 655 1391 682; x_wconf 89' lang='lat' dir='ltr'>sanctam</span> <span class='ocrx_word' id='word_1_291' title='bbox 1413 659 1536 689; x_wconf 88' lang='lat' dir='ltr'>eorum,</span> <span class='ocrx_word' id='word_1_292' title='bbox 1558 646 1613 693; x_wconf 91' lang='lat' dir='ltr'>qui</span> <span class='ocrx_word' id='word_1_293' title='bbox 1650 646 1883 681; x_wconf 79' lang='lat' dir='ltr'>seminaverunt</span> 
     </span>
     <span class='ocr_line' id='line_1_62' title="bbox 1135 695 1884 743; baseline -0.001 -13"><span class='ocrx_word' id='word_1_294' title='bbox 1135 698 1163 731; x_wconf 91' lang='lat' dir='ltr'>in</span> <span class='ocrx_word' id='word_1_295' title='bbox 1192 697 1346 743; x_wconf 78' lang='lat' dir='ltr'>lacrymis,</span> <span class='ocrx_word' id='word_1_296' title='bbox 1370 695 1400 730; x_wconf 92' lang='lat' dir='ltr'>id</span> <span class='ocrx_word' id='word_1_297' title='bbox 1422 695 1506 743; x_wconf 87' lang='lat' dir='ltr'>quod</span> <span class='ocrx_word' id='word_1_298' title='bbox 1535 703 1656 730; x_wconf 90' lang='lat' dir='ltr'>metunt</span> <span class='ocrx_word' id='word_1_299' title='bbox 1688 696 1716 729; x_wconf 91' lang='lat' dir='ltr'>in</span> <span class='ocrx_word' id='word_1_300' title='bbox 1755 695 1884 731; x_wconf 87' lang='lat' dir='ltr'>benedi-</span> 
     </span>
     <span class='ocr_line' id='line_1_63' title="bbox 1134 744 1883 791; baseline -0.003 -11"><span class='ocrx_word' id='word_1_301' title='bbox 1134 745 1294 780; x_wconf 87' lang='lat' dir='ltr'>ctionibus</span> <span class='ocrx_word' id='word_1_302' title='bbox 1327 744 1524 780; x_wconf 83' lang='lat' dir='ltr'>abundanter</span> <span class='ocrx_word' id='word_1_303' title='bbox 1563 744 1751 791; x_wconf 88' lang='lat' dir='ltr'>plerumque</span> <span class='ocrx_word' id='word_1_304' title='bbox 1788 745 1883 779; x_wconf 91' lang='lat' dir='ltr'>mira·</span> 
     </span>
     <span class='ocr_line' id='line_1_64' title="bbox 1134 793 1883 841; baseline -0.001 -12"><span class='ocrx_word' id='word_1_305' title='bbox 1134 795 1214 830; x_wconf 92' lang='lat' dir='ltr'>culis</span> <span class='ocrx_word' id='word_1_306' title='bbox 1236 794 1436 834; x_wconf 74' lang='lat' dir='ltr'>confirmare,</span> <span class='ocrx_word' id='word_1_307' title='bbox 1470 794 1632 841; x_wconf 82' lang='lat' dir='ltr'>signisque</span> <span class='ocrx_word' id='word_1_308' title='bbox 1676 793 1883 840; x_wconf 86' lang='lat' dir='ltr'>sequentibus</span> 
     </span>
     <span class='ocr_line' id='line_1_65' title="bbox 1134 843 1882 890; baseline 0 -12"><span class='ocrx_word' id='word_1_309' title='bbox 1134 844 1285 883; x_wconf 80' lang='lat' dir='ltr'>indicare,</span> <span class='ocrx_word' id='word_1_310' title='bbox 1307 843 1390 890; x_wconf 87' lang='lat' dir='ltr'>quod</span> <span class='ocrx_word' id='word_1_311' title='bbox 1418 843 1463 878; x_wconf 88' lang='lat' dir='ltr'>eis</span> <span class='ocrx_word' id='word_1_312' title='bbox 1489 843 1690 890; x_wconf 87' lang='lat' dir='ltr'>splendorem</span> <span class='ocrx_word' id='word_1_313' title='bbox 1724 854 1780 889; x_wconf 89' lang='lat' dir='ltr'>pro</span> <span class='ocrx_word' id='word_1_314' title='bbox 1814 854 1882 878; x_wconf 89' lang='lat' dir='ltr'>me-</span> 
     </span>
     <span class='ocr_line' id='line_1_66' title="bbox 1134 891 1884 939; baseline -0.003 -11"><span class='ocrx_word' id='word_1_315' title='bbox 1134 894 1201 928; x_wconf 87' lang='lat' dir='ltr'>ritis</span> <span class='ocrx_word' id='word_1_316' title='bbox 1223 892 1344 928; x_wconf 83' lang='lat' dir='ltr'>dederit</span> <span class='ocrx_word' id='word_1_317' title='bbox 1369 892 1610 939; x_wconf 90' lang='lat' dir='ltr'>sempiternum.</span> <span class='ocrx_word' id='word_1_318' title='bbox 1634 891 1699 926; x_wconf 88' lang='lat' dir='ltr'>Hac</span> <span class='ocrx_word' id='word_1_319' title='bbox 1723 892 1818 938; x_wconf 85' lang='lat' dir='ltr'>igitur</span> <span class='ocrx_word' id='word_1_320' title='bbox 1837 904 1884 926; x_wconf 87' lang='lat' dir='ltr'>ra-</span> 
     </span>
     <span class='ocr_line' id='line_1_67' title="bbox 1134 941 1881 986; baseline -0.001 -10"><span class='ocrx_word' id='word_1_321' title='bbox 1134 943 1232 983; x_wconf 85' lang='lat' dir='ltr'>tione,</span> <span class='ocrx_word' id='word_1_322' title='bbox 1255 954 1326 976; x_wconf 90' lang='lat' dir='ltr'>cum</span> <span class='ocrx_word' id='word_1_323' title='bbox 1349 941 1440 976; x_wconf 89' lang='lat' dir='ltr'>nobis</span> <span class='ocrx_word' id='word_1_324' title='bbox 1462 941 1566 976; x_wconf 87' lang='lat' dir='ltr'>dilecti</span> <span class='ocrx_word' id='word_1_325' title='bbox 1582 941 1634 975; x_wconf 86' lang='lat' dir='ltr'>filii</span> <span class='ocrx_word' id='word_1_326' title='bbox 1654 941 1749 986; x_wconf 86' lang='lat' dir='ltr'>prior,</span> <span class='ocrx_word' id='word_1_327' title='bbox 1771 949 1802 976; x_wconf 89' lang='lat' dir='ltr'>et</span> <span class='ocrx_word' id='word_1_328' title='bbox 1812 953 1881 975; x_wconf 87' lang='lat' dir='ltr'>con—</span> 
     </span>
     <span class='ocr_line' id='line_1_68' title="bbox 1133 989 1881 1026; baseline -0.001 0"><span class='ocrx_word' id='word_1_329' title='bbox 1133 999 1245 1026; x_wconf 74' lang='lat' dir='ltr'>ventus</span> <span class='ocrx_word' id='word_1_330' title='bbox 1266 990 1399 1026; x_wconf 85' lang='lat' dir='ltr'>Sanctae</span> <span class='ocrx_word' id='word_1_331' title='bbox 1422 990 1536 1025; x_wconf 89' lang='lat' dir='ltr'>Mariae</span> <span class='ocrx_word' id='word_1_332' title='bbox 1567 990 1606 1025; x_wconf 91' lang='lat' dir='ltr'>de</span> <span class='ocrx_word' id='word_1_333' title='bbox 1643 989 1767 1025; x_wconf 92' lang='lat' dir='ltr'>Gualdo</span> <span class='ocrx_word' id='word_1_334' title='bbox 1800 989 1881 1025; x_wconf 84' lang='lat' dir='ltr'>fide-</span> 
     </span>
     <span class='ocr_line' id='line_1_69' title="bbox 1133 1039 1882 1087; baseline -0.003 -12"><span class='ocrx_word' id='word_1_335' title='bbox 1133 1040 1202 1075; x_wconf 91' lang='lat' dir='ltr'>liter</span> <span class='ocrx_word' id='word_1_336' title='bbox 1223 1040 1416 1084; x_wconf 82' lang='lat' dir='ltr'>retulissent,</span> <span class='ocrx_word' id='word_1_337' title='bbox 1443 1052 1537 1086; x_wconf 87' lang='lat' dir='ltr'>quam</span> <span class='ocrx_word' id='word_1_338' title='bbox 1561 1039 1622 1087; x_wconf 88' lang='lat' dir='ltr'>pie,</span> <span class='ocrx_word' id='word_1_339' title='bbox 1644 1039 1761 1083; x_wconf 88' lang='lat' dir='ltr'>sobrie,</span> <span class='ocrx_word' id='word_1_340' title='bbox 1788 1047 1882 1086; x_wconf 86' lang='lat' dir='ltr'>atque</span> 
     </span>
     <span class='ocr_line' id='line_1_70' title="bbox 1134 1088 1883 1124; baseline -0.001 0"><span class='ocrx_word' id='word_1_341' title='bbox 1134 1091 1214 1124; x_wconf 90' lang='lat' dir='ltr'>iuste</span> <span class='ocrx_word' id='word_1_342' title='bbox 1236 1089 1335 1124; x_wconf 86' lang='lat' dir='ltr'>felicis</span> <span class='ocrx_word' id='word_1_343' title='bbox 1356 1090 1580 1124; x_wconf 87' lang='lat' dir='ltr'>recordationis</span> <span class='ocrx_word' id='word_1_344' title='bbox 1594 1089 1729 1123; x_wconf 90' lang='lat' dir='ltr'>Ioannes</span> <span class='ocrx_word' id='word_1_345' title='bbox 1743 1088 1883 1123; x_wconf 89' lang='lat' dir='ltr'>Eremita</span> 
     </span>
     <span class='ocr_line' id='line_1_71' title="bbox 1135 1138 1883 1185; baseline -0.001 -12"><span class='ocrx_word' id='word_1_346' title='bbox 1135 1139 1248 1185; x_wconf 86' lang='lat' dir='ltr'>prioris</span> <span class='ocrx_word' id='word_1_347' title='bbox 1274 1138 1418 1173; x_wconf 90' lang='lat' dir='ltr'>eiusdem</span> <span class='ocrx_word' id='word_1_348' title='bbox 1448 1138 1671 1185; x_wconf 88' lang='lat' dir='ltr'>praedecessor</span> <span class='ocrx_word' id='word_1_349' title='bbox 1705 1138 1819 1173; x_wconf 82' lang='lat' dir='ltr'>vixerit</span> <span class='ocrx_word' id='word_1_350' title='bbox 1852 1138 1883 1172; x_wconf 88' lang='lat' dir='ltr'>in</span> 
     </span>
     <span class='ocr_line' id='line_1_72' title="bbox 1134 1188 1885 1235; baseline -0.001 -13"><span class='ocrx_word' id='word_1_351' title='bbox 1134 1188 1195 1222; x_wconf 84' lang='lat' dir='ltr'>lioc</span> <span class='ocrx_word' id='word_1_352' title='bbox 1219 1188 1349 1228; x_wconf 86' lang='lat' dir='ltr'>mundo,</span> <span class='ocrx_word' id='word_1_353' title='bbox 1378 1196 1558 1235; x_wconf 87' lang='lat' dir='ltr'>quantaque</span> <span class='ocrx_word' id='word_1_354' title='bbox 1592 1194 1773 1222; x_wconf 90' lang='lat' dir='ltr'>sanctorum</span> <span class='ocrx_word' id='word_1_355' title='bbox 1807 1198 1885 1222; x_wconf 89' lang='lat' dir='ltr'>suo-</span> 
     </span>
     <span class='ocr_line' id='line_1_73' title="bbox 1135 1236 1884 1284; baseline -0.003 -12"><span class='ocrx_word' id='word_1_356' title='bbox 1135 1250 1204 1272; x_wconf 90' lang='lat' dir='ltr'>rnm</span> <span class='ocrx_word' id='word_1_357' title='bbox 1239 1237 1388 1272; x_wconf 86' lang='lat' dir='ltr'>mirabilis</span> <span class='ocrx_word' id='word_1_358' title='bbox 1429 1237 1581 1284; x_wconf 80' lang='lat' dir='ltr'>splendor</span> <span class='ocrx_word' id='word_1_359' title='bbox 1613 1236 1712 1280; x_wconf 82' lang='lat' dir='ltr'>Deus,</span> <span class='ocrx_word' id='word_1_360' title='bbox 1757 1248 1796 1271; x_wconf 90' lang='lat' dir='ltr'>ne</span> <span class='ocrx_word' id='word_1_361' title='bbox 1830 1236 1884 1283; x_wconf 89' lang='lat' dir='ltr'>qui</span> 
     </span>
     <span class='ocr_line' id='line_1_74' title="bbox 1135 1285 1883 1334; baseline -0.003 -13"><span class='ocrx_word' id='word_1_362' title='bbox 1135 1287 1265 1321; x_wconf 88' lang='lat' dir='ltr'>forsitan</span> <span class='ocrx_word' id='word_1_363' title='bbox 1289 1295 1416 1334; x_wconf 86' lang='lat' dir='ltr'>propter</span> <span class='ocrx_word' id='word_1_364' title='bbox 1438 1298 1504 1331; x_wconf 84' lang='lat' dir='ltr'>eos,</span> <span class='ocrx_word' id='word_1_365' title='bbox 1526 1286 1579 1333; x_wconf 91' lang='lat' dir='ltr'>qui</span> <span class='ocrx_word' id='word_1_366' title='bbox 1598 1285 1751 1321; x_wconf 88' lang='lat' dir='ltr'>habentes</span> <span class='ocrx_word' id='word_1_367' title='bbox 1773 1285 1883 1321; x_wconf 87' lang='lat' dir='ltr'>faciem</span> 
     </span>
     <span class='ocr_line' id='line_1_75' title="bbox 1135 1334 1886 1380; baseline -0.004 -9"><span class='ocrx_word' id='word_1_368' title='bbox 1135 1336 1230 1371; x_wconf 91' lang='lat' dir='ltr'>eundi</span> <span class='ocrx_word' id='word_1_369' title='bbox 1255 1337 1284 1370; x_wconf 91' lang='lat' dir='ltr'>in</span> <span class='ocrx_word' id='word_1_370' title='bbox 1313 1335 1523 1380; x_wconf 86' lang='lat' dir='ltr'>Hierusalem,</span> <span class='ocrx_word' id='word_1_371' title='bbox 1552 1336 1582 1370; x_wconf 88' lang='lat' dir='ltr'>in</span> <span class='ocrx_word' id='word_1_372' title='bbox 1617 1334 1886 1371; x_wconf 88' lang='lat' dir='ltr'>dissimilitudinis</span> 
     </span>
     <span class='ocr_line' id='line_1_76' title="bbox 1135 1384 1885 1432; baseline -0.004 -12"><span class='ocrx_word' id='word_1_373' title='bbox 1135 1386 1309 1431; x_wconf 74' lang='lat' dir='ltr'>regionem,</span> <span class='ocrx_word' id='word_1_374' title='bbox 1339 1392 1431 1432; x_wconf 89' lang='lat' dir='ltr'>prout</span> <span class='ocrx_word' id='word_1_375' title='bbox 1457 1396 1551 1431; x_wconf 86' lang='lat' dir='ltr'>supra</span> <span class='ocrx_word' id='word_1_376' title='bbox 1577 1384 1728 1425; x_wconf 80' lang='lat' dir='ltr'>diximus,</span> <span class='ocrx_word' id='word_1_377' title='bbox 1756 1384 1885 1424; x_wconf 80' lang='lat' dir='ltr'>abeunt,</span> 
     </span>
     <span class='ocr_line' id='line_1_77' title="bbox 1135 1434 1886 1481; baseline 0 -13"><span class='ocrx_word' id='word_1_378' title='bbox 1135 1434 1432 1474; x_wconf 84' lang='lat' dir='ltr'>scandalizarentur,</span> <span class='ocrx_word' id='word_1_379' title='bbox 1461 1434 1491 1467; x_wconf 92' lang='lat' dir='ltr'>in</span> <span class='ocrx_word' id='word_1_380' title='bbox 1515 1434 1585 1481; x_wconf 85' lang='lat' dir='ltr'>ipso</span> <span class='ocrx_word' id='word_1_381' title='bbox 1607 1442 1754 1481; x_wconf 87' lang='lat' dir='ltr'>operetur</span> <span class='ocrx_word' id='word_1_382' title='bbox 1783 1434 1886 1468; x_wconf 88' lang='lat' dir='ltr'>mira-</span> 
     </span>
     <span class='ocr_line' id='line_1_78' title="bbox 1135 1482 1886 1529; baseline 0 -12"><span class='ocrx_word' id='word_1_383' title='bbox 1135 1483 1217 1523; x_wconf 87' lang='lat' dir='ltr'>cula,</span> <span class='ocrx_word' id='word_1_384' title='bbox 1242 1495 1298 1529; x_wconf 87' lang='lat' dir='ltr'>per</span> <span class='ocrx_word' id='word_1_385' title='bbox 1324 1483 1460 1517; x_wconf 85' lang='lat' dir='ltr'>eundem</span> <span class='ocrx_word' id='word_1_386' title='bbox 1483 1482 1665 1517; x_wconf 87' lang='lat' dir='ltr'>suscitando</span> <span class='ocrx_word' id='word_1_387' title='bbox 1688 1491 1840 1523; x_wconf 83' lang='lat' dir='ltr'>mortuos,</span> <span class='ocrx_word' id='word_1_388' title='bbox 1855 1491 1886 1517; x_wconf 88' lang='lat' dir='ltr'>et</span> 
     </span>
     <span class='ocr_line' id='line_1_79' title="bbox 1135 1531 1887 1578; baseline 0.001 -13"><span class='ocrx_word' id='word_1_389' title='bbox 1135 1532 1321 1578; x_wconf 81' lang='lat' dir='ltr'>languorem</span> <span class='ocrx_word' id='word_1_390' title='bbox 1355 1531 1568 1578; x_wconf 88' lang='lat' dir='ltr'>quorumlibet</span> <span class='ocrx_word' id='word_1_391' title='bbox 1607 1531 1775 1578; x_wconf 81' lang='lat' dir='ltr'>relegando</span> <span class='ocrx_word' id='word_1_392' title='bbox 1817 1532 1887 1566; x_wconf 89' lang='lat' dir='ltr'>lan-</span> 
     </span>
     <span class='ocr_line' id='line_1_80' title="bbox 1136 1581 1887 1628; baseline 0 -13"><span class='ocrx_word' id='word_1_393' title='bbox 1136 1581 1315 1628; x_wconf 79' lang='lat' dir='ltr'>guentium,</span> <span class='ocrx_word' id='word_1_394' title='bbox 1337 1581 1391 1628; x_wconf 92' lang='lat' dir='ltr'>qui</span> <span class='ocrx_word' id='word_1_395' title='bbox 1414 1581 1525 1616; x_wconf 86' lang='lat' dir='ltr'>devote</span> <span class='ocrx_word' id='word_1_396' title='bbox 1547 1581 1698 1615; x_wconf 82' lang='lat' dir='ltr'>auxilium</span> <span class='ocrx_word' id='word_1_397' title='bbox 1722 1582 1790 1616; x_wconf 86' lang='lat' dir='ltr'>eius</span> <span class='ocrx_word' id='word_1_398' title='bbox 1826 1581 1887 1615; x_wconf 91' lang='lat' dir='ltr'>im-</span> 
     </span>
     <span class='ocr_line' id='line_1_81' title="bbox 1137 1629 1887 1678; baseline 0 -14"><span class='ocrx_word' id='word_1_399' title='bbox 1137 1630 1271 1677; x_wconf 88' lang='lat' dir='ltr'>plorant,</span> <span class='ocrx_word' id='word_1_400' title='bbox 1318 1630 1475 1678; x_wconf 89' lang='lat' dir='ltr'>nobisque</span> <span class='ocrx_word' id='word_1_401' title='bbox 1513 1630 1718 1664; x_wconf 87' lang='lat' dir='ltr'>devotissime</span> <span class='ocrx_word' id='word_1_402' title='bbox 1761 1629 1887 1677; x_wconf 87' lang='lat' dir='ltr'>suppli-</span> 
     </span>
     <span class='ocr_line' id='line_1_82' title="bbox 1137 1679 1886 1722; baseline 0.001 -9"><span class='ocrx_word' id='word_1_403' title='bbox 1137 1688 1260 1714; x_wconf 88' lang='lat' dir='ltr'>cassent</span> <span class='ocrx_word' id='word_1_404' title='bbox 1277 1707 1284 1720; x_wconf 94' lang='lat'>,</span> <span class='ocrx_word' id='word_1_405' title='bbox 1309 1687 1341 1713; x_wconf 94' lang='lat' dir='ltr'>ut</span> <span class='ocrx_word' id='word_1_406' title='bbox 1359 1687 1390 1714; x_wconf 87' lang='lat' dir='ltr'>et</span> <span class='ocrx_word' id='word_1_407' title='bbox 1424 1680 1680 1714; x_wconf 87' lang='lat' dir='ltr'>canonizaremus</span> <span class='ocrx_word' id='word_1_408' title='bbox 1712 1679 1862 1714; x_wconf 86' lang='lat' dir='ltr'>eumdem</span> <span class='ocrx_word' id='word_1_409' title='bbox 1877 1706 1886 1722; x_wconf 89' lang='lat'>‚</span> 
     </span>
     <span class='ocr_line' id='line_1_83' title="bbox 1137 1728 1886 1775; baseline 0 -13"><span class='ocrx_word' id='word_1_410' title='bbox 1137 1737 1166 1762; x_wconf 88' lang='lat' dir='ltr'>et</span> <span class='ocrx_word' id='word_1_411' title='bbox 1194 1738 1374 1763; x_wconf 83' lang='lat' dir='ltr'>sanctorum</span> <span class='ocrx_word' id='word_1_412' title='bbox 1393 1728 1557 1775; x_wconf 82' lang='lat' dir='ltr'>cathalogo</span> <span class='ocrx_word' id='word_1_413' title='bbox 1578 1729 1778 1763; x_wconf 86' lang='lat' dir='ltr'>annumerari</span> <span class='ocrx_word' id='word_1_414' title='bbox 1802 1728 1886 1764; x_wconf 87' lang='lat' dir='ltr'>face-</span> 
     </span>
     <span class='ocr_line' id='line_1_84' title="bbox 1138 1778 1885 1818; baseline 0 -7"><span class='ocrx_word' id='word_1_415' title='bbox 1138 1790 1256 1818; x_wconf 81' lang='lat' dir='ltr'>remus,</span> <span class='ocrx_word' id='word_1_416' title='bbox 1279 1786 1364 1812; x_wconf 87' lang='lat' dir='ltr'>tanto</span> <span class='ocrx_word' id='word_1_417' title='bbox 1387 1778 1546 1812; x_wconf 86' lang='lat' dir='ltr'>maturiori</span> <span class='ocrx_word' id='word_1_418' title='bbox 1569 1778 1701 1813; x_wconf 86' lang='lat' dir='ltr'>consilio</span> <span class='ocrx_word' id='word_1_419' title='bbox 1728 1778 1810 1813; x_wconf 79' lang='lat' dir='ltr'>cirea</span> <span class='ocrx_word' id='word_1_420' title='bbox 1849 1789 1885 1812; x_wconf 90' lang='lat' dir='ltr'>ea</span> 
     </span>
    </p>
   </div>
   <div class='ocr_carea' id='block_1_18' title="bbox 1138 1876 1891 2598">
    <p class='ocr_par' dir='ltr' id='par_1_19' title="bbox 1138 1876 1891 2451">
     <span class='ocr_line' id='line_1_85' title="bbox 1138 1876 1888 1923; baseline -0.001 -13"><span class='ocrx_word' id='word_1_421' title='bbox 1138 1876 1244 1916; x_wconf 89' lang='lat' dir='ltr'>citius,</span> <span class='ocrx_word' id='word_1_422' title='bbox 1267 1888 1361 1922; x_wconf 90' lang='lat' dir='ltr'>quam</span> <span class='ocrx_word' id='word_1_423' title='bbox 1380 1889 1410 1910; x_wconf 88' lang='lat' dir='ltr'>in</span> <span class='ocrx_word' id='word_1_424' title='bbox 1433 1876 1502 1911; x_wconf 86' lang='lat' dir='ltr'>aliis</span> <span class='ocrx_word' id='word_1_425' title='bbox 1520 1877 1602 1911; x_wconf 87' lang='lat' dir='ltr'>mole</span> <span class='ocrx_word' id='word_1_426' title='bbox 1617 1877 1720 1911; x_wconf 89' lang='lat' dir='ltr'>carnis</span> <span class='ocrx_word' id='word_1_427' title='bbox 1743 1883 1888 1923; x_wconf 82' lang='lat' dir='ltr'>gravatus</span> 
     </span>
     <span class='ocr_line' id='line_1_86' title="bbox 1138 1925 1888 1972; baseline -0.001 -13"><span class='ocrx_word' id='word_1_428' title='bbox 1138 1925 1294 1959; x_wconf 85' lang='lat' dir='ltr'>humanae</span> <span class='ocrx_word' id='word_1_429' title='bbox 1321 1925 1585 1960; x_wconf 85' lang='lat' dir='ltr'>considerationis</span> <span class='ocrx_word' id='word_1_430' title='bbox 1613 1926 1746 1960; x_wconf 85' lang='lat' dir='ltr'>intuitus</span> <span class='ocrx_word' id='word_1_431' title='bbox 1786 1933 1888 1972; x_wconf 90' lang='lat' dir='ltr'>potest</span> 
     </span>
     <span class='ocr_line' id='line_1_87' title="bbox 1138 1973 1886 2021; baseline 0.001 -14"><span class='ocrx_word' id='word_1_432' title='bbox 1138 1974 1213 2008; x_wconf 83' lang='lat' dir='ltr'>falli.</span> <span class='ocrx_word' id='word_1_433' title='bbox 1240 1973 1442 2021; x_wconf 84' lang='lat' dir='ltr'>Quapropter</span> <span class='ocrx_word' id='word_1_434' title='bbox 1469 1975 1653 2021; x_wconf 88' lang='lat' dir='ltr'>prudentiae</span> <span class='ocrx_word' id='word_1_435' title='bbox 1684 1982 1816 2019; x_wconf 80' lang='lat' dir='ltr'>vestrae,</span> <span class='ocrx_word' id='word_1_436' title='bbox 1847 1973 1886 2008; x_wconf 91' lang='lat' dir='ltr'>de</span> 
     </span>
     <span class='ocr_line' id='line_1_88' title="bbox 1138 2023 1888 2071; baseline 0 -14"><span class='ocrx_word' id='word_1_437' title='bbox 1138 2035 1199 2070; x_wconf 89' lang='lat' dir='ltr'>qua</span> <span class='ocrx_word' id='word_1_438' title='bbox 1244 2023 1391 2058; x_wconf 85' lang='lat' dir='ltr'>liduciam</span> <span class='ocrx_word' id='word_1_439' title='bbox 1426 2025 1566 2070; x_wconf 83' lang='lat' dir='ltr'>gerimus</span> <span class='ocrx_word' id='word_1_440' title='bbox 1609 2023 1796 2071; x_wconf 86' lang='lat' dir='ltr'>pleniorem,</span> <span class='ocrx_word' id='word_1_441' title='bbox 1832 2035 1888 2070; x_wconf 88' lang='lat' dir='ltr'>per</span> 
     </span>
     <span class='ocr_line' id='line_1_89' title="bbox 1138 2072 1888 2120; baseline -0.001 -13"><span class='ocrx_word' id='word_1_442' title='bbox 1138 2072 1307 2119; x_wconf 87' lang='lat' dir='ltr'>apostolica</span> <span class='ocrx_word' id='word_1_443' title='bbox 1349 2074 1463 2119; x_wconf 87' lang='lat' dir='ltr'>scripta</span> <span class='ocrx_word' id='word_1_444' title='bbox 1499 2072 1698 2113; x_wconf 68' lang='lat' dir='ltr'>mandamus.</span> <span class='ocrx_word' id='word_1_445' title='bbox 1732 2080 1888 2120; x_wconf 80' lang='lat' dir='ltr'>quatenus</span> 
     </span>
     <span class='ocr_line' id='line_1_90' title="bbox 1140 2121 1887 2169; baseline 0 -14"><span class='ocrx_word' id='word_1_446' title='bbox 1140 2122 1304 2167; x_wconf 87' lang='lat' dir='ltr'>inquiratis</span> <span class='ocrx_word' id='word_1_447' title='bbox 1331 2132 1392 2157; x_wconf 85' lang='lat' dir='ltr'>tam</span> <span class='ocrx_word' id='word_1_448' title='bbox 1421 2122 1459 2156; x_wconf 89' lang='lat' dir='ltr'>de</span> <span class='ocrx_word' id='word_1_449' title='bbox 1483 2123 1541 2157; x_wconf 82' lang='lat' dir='ltr'>vita</span> <span class='ocrx_word' id='word_1_450' title='bbox 1574 2122 1673 2169; x_wconf 91' lang='lat' dir='ltr'>ipsius</span> <span class='ocrx_word' id='word_1_451' title='bbox 1707 2121 1887 2163; x_wconf 77' lang='lat' dir='ltr'>Eremitae,</span> 
     </span>
     <span class='ocr_line' id='line_1_91' title="bbox 1140 2171 1889 2218; baseline 0 -14"><span class='ocrx_word' id='word_1_452' title='bbox 1140 2171 1285 2217; x_wconf 84' lang='lat' dir='ltr'>quamde</span> <span class='ocrx_word' id='word_1_453' title='bbox 1310 2171 1470 2205; x_wconf 89' lang='lat' dir='ltr'>miraculis</span> <span class='ocrx_word' id='word_1_454' title='bbox 1491 2171 1680 2218; x_wconf 86' lang='lat' dir='ltr'>supradictis</span> <span class='ocrx_word' id='word_1_455' title='bbox 1706 2171 1889 2217; x_wconf 58' lang='lat' dir='ltr'>diligentia-³</span> 
     </span>
     <span class='ocr_line' id='line_1_92' title="bbox 1141 2220 1887 2267; baseline 0 -14"><span class='ocrx_word' id='word_1_456' title='bbox 1141 2221 1313 2259; x_wconf 78' lang='lat' dir='ltr'>veritatem,</span> <span class='ocrx_word' id='word_1_457' title='bbox 1337 2231 1365 2254; x_wconf 86' lang='lat' dir='ltr'>et</span> <span class='ocrx_word' id='word_1_458' title='bbox 1392 2221 1476 2267; x_wconf 84' lang='lat' dir='ltr'>quod</span> <span class='ocrx_word' id='word_1_459' title='bbox 1500 2233 1595 2267; x_wconf 88' lang='lat' dir='ltr'>super</span> <span class='ocrx_word' id='word_1_460' title='bbox 1632 2221 1669 2254; x_wconf 89' lang='lat' dir='ltr'>iis</span> <span class='ocrx_word' id='word_1_461' title='bbox 1706 2220 1887 2255; x_wconf 58' lang='lat' dir='ltr'>inveneritisv</span> 
     </span>
     <span class='ocr_line' id='line_1_93' title="bbox 1141 2268 1888 2315; baseline 0 -13"><span class='ocrx_word' id='word_1_462' title='bbox 1141 2268 1201 2303; x_wconf 89' lang='lat' dir='ltr'>sub</span> <span class='ocrx_word' id='word_1_463' title='bbox 1228 2269 1340 2315; x_wconf 83' lang='lat' dir='ltr'>sigillis</span> <span class='ocrx_word' id='word_1_464' title='bbox 1363 2271 1471 2304; x_wconf 89' lang='lat' dir='ltr'>vestris</span> <span class='ocrx_word' id='word_1_465' title='bbox 1511 2269 1602 2304; x_wconf 90' lang='lat' dir='ltr'>nobis</span> <span class='ocrx_word' id='word_1_466' title='bbox 1637 2269 1802 2304; x_wconf 89' lang='lat' dir='ltr'>remittatis</span> <span class='ocrx_word' id='word_1_467' title='bbox 1834 2269 1888 2302; x_wconf 84' lang='lat' dir='ltr'>iu-</span> 
     </span>
     <span class='ocr_line' id='line_1_94' title="bbox 1141 2318 1891 2365; baseline 0 -14"><span class='ocrx_word' id='word_1_468' title='bbox 1141 2318 1276 2359; x_wconf 79' lang='lat' dir='ltr'>clusmn,</span> <span class='ocrx_word' id='word_1_469' title='bbox 1302 2327 1333 2353; x_wconf 92' lang='lat' dir='ltr'>ut</span> <span class='ocrx_word' id='word_1_470' title='bbox 1358 2326 1516 2365; x_wconf 64' lang='lat' dir='ltr'>praeeunte</span> <span class='ocrx_word' id='word_1_471' title='bbox 1537 2319 1643 2353; x_wconf 82' lang='lat' dir='ltr'>divina</span> <span class='ocrx_word' id='word_1_472' title='bbox 1664 2319 1761 2364; x_wconf 86' lang='lat' dir='ltr'>gratia</span> <span class='ocrx_word' id='word_1_473' title='bbox 1788 2326 1819 2352; x_wconf 90' lang='lat' dir='ltr'>et</span> <span class='ocrx_word' id='word_1_474' title='bbox 1845 2330 1891 2352; x_wconf 69' lang='lat' dir='ltr'>st·-</span> 
     </span>
     <span class='ocr_line' id='line_1_95' title="bbox 1142 2366 1889 2414; baseline 0.003 -14"><span class='ocrx_word' id='word_1_475' title='bbox 1142 2375 1272 2414; x_wconf 81' lang='lat' dir='ltr'>quente,</span> <span class='ocrx_word' id='word_1_476' title='bbox 1294 2375 1468 2402; x_wconf 88' lang='lat' dir='ltr'>statuamus</span> <span class='ocrx_word' id='word_1_477' title='bbox 1483 2368 1596 2403; x_wconf 87' lang='lat' dir='ltr'>exinde</span> <span class='ocrx_word' id='word_1_478' title='bbox 1616 2367 1700 2414; x_wconf 90' lang='lat' dir='ltr'>quod</span> <span class='ocrx_word' id='word_1_479' title='bbox 1723 2366 1815 2402; x_wconf 83' lang='lat' dir='ltr'>suerit</span> <span class='ocrx_word' id='word_1_480' title='bbox 1830 2375 1889 2402; x_wconf 87' lang='lat' dir='ltr'>sta-</span> 
     </span>
     <span class='ocr_line' id='line_1_96' title="bbox 1145 2417 1307 2451; baseline 0 -1"><span class='ocrx_word' id='word_1_481' title='bbox 1145 2417 1307 2451; x_wconf 84' lang='lat' dir='ltr'>tuendum.</span> 
     </span>
    </p>

    <p class='ocr_par' dir='ltr' id='par_1_20' title="bbox 1144 2464 1891 2598">
     <span class='ocr_line' id='line_1_97' title="bbox 1193 2464 1890 2513; baseline 0 -13"><span class='ocrx_word' id='word_1_482' title='bbox 1193 2466 1306 2500; x_wconf 89' lang='lat' dir='ltr'>Datum</span> <span class='ocrx_word' id='word_1_483' title='bbox 1336 2466 1455 2503; x_wconf 84' lang='lat' dir='ltr'>Romae</span> <span class='ocrx_word' id='word_1_484' title='bbox 1477 2466 1561 2513; x_wconf 90' lang='lat' dir='ltr'>apud</span> <span class='ocrx_word' id='word_1_485' title='bbox 1582 2465 1733 2500; x_wconf 89' lang='lat' dir='ltr'>Sanctum</span> <span class='ocrx_word' id='word_1_486' title='bbox 1747 2464 1890 2506; x_wconf 86' lang='lat' dir='ltr'>Petrum,</span> 
     </span>
     <span class='ocr_line' id='line_1_98' title="bbox 1144 2514 1891 2563; baseline 0 -15"><span class='ocrx_word' id='word_1_487' title='bbox 1144 2517 1235 2549; x_wconf 71' lang='lat' dir='ltr'>tertio</span> <span class='ocrx_word' id='word_1_488' title='bbox 1264 2528 1361 2550; x_wconf 82' lang='lat' dir='ltr'>nonas</span> <span class='ocrx_word' id='word_1_489' title='bbox 1386 2515 1474 2560; x_wconf 83' lang='lat' dir='ltr'>iunii,</span> <span class='ocrx_word' id='word_1_490' title='bbox 1502 2514 1700 2563; x_wconf 80' lang='lat' dir='ltr'>pontificatus</span> <span class='ocrx_word' id='word_1_491' title='bbox 1723 2515 1820 2550; x_wconf 84' lang='lat' dir='ltr'>nostri</span> <span class='ocrx_word' id='word_1_492' title='bbox 1839 2526 1891 2551; x_wconf 82' lang='lat' dir='ltr'>an.</span> 
     </span>
     <span class='ocr_line' id='line_1_99' title="bbox 1145 2565 1296 2598; baseline 0 0"><span class='ocrx_word' id='word_1_493' title='bbox 1145 2565 1296 2598; x_wconf 78' lang='lat' dir='ltr'>secundo.</span> 
     </span>
    </p>
   </div>
   <div class='ocr_carea' id='block_1_19' title="bbox 1203 2624 1837 2663">
    <p class='ocr_par' dir='ltr' id='par_1_21' title="bbox 1203 2624 1837 2663">
     <span class='ocr_line' id='line_1_100' title="bbox 1203 2624 1837 2663; baseline 0.003 -10"><span class='ocrx_word' id='word_1_494' title='bbox 1203 2624 1263 2653; x_wconf 78' lang='lat' dir='ltr'>Dat.</span> <span class='ocrx_word' id='word_1_495' title='bbox 1289 2626 1335 2654; x_wconf 80' lang='lat' dir='ltr'>die</span> <span class='ocrx_word' id='word_1_496' title='bbox 1355 2625 1372 2654; x_wconf 89' lang='lat'><strong>3</strong></span> <span class='ocrx_word' id='word_1_497' title='bbox 1395 2626 1468 2654; x_wconf 86' lang='lat' dir='ltr'>iunii</span> <span class='ocrx_word' id='word_1_498' title='bbox 1488 2624 1570 2660; x_wconf 66' lang='lat'>1218,</span> <span class='ocrx_word' id='word_1_499' title='bbox 1590 2624 1690 2663; x_wconf 78' lang='lat' dir='ltr'>pontif.</span> <span class='ocrx_word' id='word_1_500' title='bbox 1713 2634 1788 2655; x_wconf 88' lang='lat' dir='ltr'>anno</span> <span class='ocrx_word' id='word_1_501' title='bbox 1807 2634 1837 2655; x_wconf 82' lang='lat' dir='ltr'>n.</span> 
     </span>
    </p>
   </div>
   <div class='ocr_carea' id='block_1_20' title="bbox 1898 246 2080 275">
    <p class='ocr_par' dir='ltr' id='par_1_22' title="bbox 1898 246 2080 275">
     <span class='ocr_line' id='line_1_101' title="bbox 1898 246 2080 275; baseline 0 0"><span class='ocrx_word' id='word_1_502' title='bbox 1898 249 1948 275; x_wconf 84' lang='lat' dir='ltr'>An.</span> <span class='ocrx_word' id='word_1_503' title='bbox 1965 247 1995 275; x_wconf 89' lang='lat' dir='ltr'>C.</span> <span class='ocrx_word' id='word_1_504' title='bbox 2013 246 2080 275; x_wconf 75' lang='lat'>¹218</span> 
     </span>
    </p>
   </div>
   <div class='ocr_carea' id='block_1_21' title="bbox 1908 949 2066 1003">
    <p class='ocr_par' dir='ltr' id='par_1_23' title="bbox 1908 949 2066 1003">
     <span class='ocr_line' id='line_1_102' title="bbox 1908 949 2066 972; baseline 0.013 -2"><span class='ocrx_word' id='word_1_505' title='bbox 1908 949 2066 972; x_wconf 69' lang='lat' dir='ltr'>commissioni·</span> 
     </span>
     <span class='ocr_line' id='line_1_103' title="bbox 1938 987 2033 1003; baseline -0.011 -1"><span class='ocrx_word' id='word_1_506' title='bbox 1938 987 2033 1003; x_wconf 74' lang='lat' dir='ltr'>caussae.</span> 
     </span>
    </p>
   </div>
   <div class='ocr_carea' id='block_1_22' title="bbox 1915 1982 2114 2003">
    <p class='ocr_par' dir='ltr' id='par_1_24' title="bbox 1915 1982 2114 2003">
     <span class='ocr_line' id='line_1_104' title="bbox 1915 1982 2114 2003; baseline 0 0"><span class='ocrx_word' id='word_1_507' title='bbox 1915 1982 1997 2003; x_wconf 61' lang='lat' dir='ltr'>Mandat</span> <span class='ocrx_word' id='word_1_508' title='bbox 2017 1986 2038 2003; x_wconf 84' lang='lat' dir='ltr'>ut</span> <span class='ocrx_word' id='word_1_509' title='bbox 2057 1983 2084 2003; x_wconf 77' lang='lat' dir='ltr'>de</span> <span class='ocrx_word' id='word_1_510' title='bbox 2111 1994 2114 1995; x_wconf 36' lang='grc' dir='ltr'><em>ν</em></span> 
     </span>
    </p>
   </div>
   <div class='ocr_carea' id='block_1_23' title="bbox 1902 2015 2085 2128">
    <p class='ocr_par' dir='ltr' id='par_1_25' title="bbox 1902 2015 2085 2128">
     <span class='ocr_line' id='line_1_105' title="bbox 1902 2015 2084 2035; baseline -0.005 -1"><span class='ocrx_word' id='word_1_511' title='bbox 1902 2015 1945 2035; x_wconf 73' lang='lat' dir='ltr'>vita</span> <span class='ocrx_word' id='word_1_512' title='bbox 1971 2017 1992 2035; x_wconf 81' lang='lat' dir='ltr'>et</span> <span class='ocrx_word' id='word_1_513' title='bbox 2019 2015 2084 2034; x_wconf 74' lang='lat' dir='ltr'>mira-</span> 
     </span>
     <span class='ocr_line' id='line_1_106' title="bbox 1902 2043 2084 2066; baseline -0.011 0"><span class='ocrx_word' id='word_1_514' title='bbox 1902 2044 1956 2066; x_wconf 80' lang='lat' dir='ltr'>culis</span> <span class='ocrx_word' id='word_1_515' title='bbox 1999 2043 2084 2065; x_wconf 67' lang='lat' dir='ltr'>loannis</span> 
     </span>
     <span class='ocr_line' id='line_1_107' title="bbox 1902 2075 2085 2101; baseline -0.011 -5"><span class='ocrx_word' id='word_1_516' title='bbox 1902 2076 2004 2097; x_wconf 75' lang='lat' dir='ltr'>eremitae</span> <span class='ocrx_word' id='word_1_517' title='bbox 2017 2075 2085 2101; x_wconf 78' lang='lat' dir='ltr'>inqut·</span> 
     </span>
     <span class='ocr_line' id='line_1_108' title="bbox 1903 2111 1957 2128; baseline -0.037 0"><span class='ocrx_word' id='word_1_518' title='bbox 1903 2111 1957 2128; x_wconf 82' lang='lat' dir='ltr'>rant.</span> 
     </span>
    </p>
   </div>
  </div>
 </body>
</html>
