2129 3223
51 244 101 272 Αιι.
119 244 140 272 C
164 244 230 271 ¹228

246 298 394 334 dentibus
411 295 541 335 meritis,
559 293 597 329 ad
619 293 688 328 eius
715 292 898 328 mereamini
919 303 992 326 con-

245 347 376 383 sortium
413 345 593 393 pervenire:
622 342 676 378 illo
711 350 909 389 praestante
936 341 989 387 qui

245 405 295 433 est
327 396 527 435 benedictus,
555 407 586 429 ιιι
621 392 746 427 saecula
778 391 988 426 saeculorum.

246 448 359 482 Amen.

293 496 409 532 Datum
431 493 566 535 Perusii,
582 493 819 539 decimoquarto
842 489 991 525 kalendas

244 546 379 594 angusti,
395 544 596 592 pontificatus
616 542 713 577 nostri
733 554 816 577 anuo
837 540 989 575 secundo.

302 607 362 637 Dat.
381 607 427 637 die
446 606 482 637 19
505 605 570 636 iulii
593 604 678 641 1228,
707 603 807 643 pontis.
838 613 883 633 an.
902 612 931 633 ιι.

574 769 658 804 ΧΙΙΙ.

245 848 408 881 Ιηιιουαιίο
434 847 701 890 indulqentiarum
719 856 778 890 pro
808 844 990 878 certantibus

292 904 398 931 contra
425 896 589 930 haereticos
610 896 784 939 Albiyenses
820 905 888 927 cum
910 893 990 926 alia-

290 958 360 980 rum
386 946 562 991 gratiarum
594 952 621 979 et
660 945 849 979 indultorum
875 943 992 987 elarqi-

291 997 371 1030 tione
392 998 446 1040 (1).

507 1068 721 1100 SUMMARIUM

241 1132 444 1171 Indulgentias
459 1132 587 1162 innovat:
604 1148 644 1154 —-
658 1130 691 1161 Et
713 1131 839 1169 legatum
867 1131 990 1169 apostol.

281 1176 426 1215 designat.
456 1193 495 1200 —
526 1175 699 1206 Distributio
730 1175 990 1213 indulgentiarum,

0 1237 11 1263 ῃ
281 1230 314 1252 ac
332 1221 492 1252 distinctio.
509 1237 548 1243 —
564 1220 703 1250 Concedit
729 1229 847 1259 quoque
875 1220 992 1258 privile-

280 1266 327 1304 gia
341 1265 496 1296 nonnulla.
510 1282 551 1288 —
567 1264 645 1295 Haec
656 1265 772 1305 populis
788 1264 991 1303 significanda.

240 1341 386 1378 Gregorius
404 1341 545 1378 episcopus
564 1348 659 1370 servus
677 1348 817 1370 servorum
839 1341 894 1375 Dei,
912 1347 992 1370 vene-

285 1391 418 1421 rabilibus
434 1390 572 1420 fratribus
590 1391 712 1425 nemen..
733 1392 873 1424 senonen..
893 1392 992 1420 notho-

284 1447 409 1477 magen..
440 1441 588 1474 Tui-onon..
614 1440 775 1473 Bituricen..
805 1441 991 1476 Burdegalen..

285 1489 428 1524 auxitan„
451 1490 609 1523 narbonen..
634 1491 796 1526 Lugdunen„
815 1491 990 1524 libi-eduum..

284 1539 503 1573 Tarentnasien„
515 1539 661 1574 Bisuntin„
674 1541 782 1577 aquen„
803 1541 940 1569 Arelaten.
965 1542 992 1569 et

285 1589 414 1619 viennen.
442 1589 663 1625 archiepiscopis,
689 1591 829 1619 eteorum
856 1589 992 1626 suffraga-

285 1639 354 1673 neis,
375 1645 407 1668 ac
423 1638 533 1668 dilectis
542 1639 608 1668 filiis
624 1639 777 1673 abbatibus.
788 1639 933 1676 prioribus.
948 1646 991 1668 ca-

284 1688 394 1724 pituitis.
429 1690 458 1718 et
495 1689 559 1717 aliis
594 1689 773 1718 Ecclesiarum
794 1688 929 1725 praelatis
965 1689 992 1717 in

241 1776 247 1780 ,
286 1740 440 1769 eorumdem
457 1739 622 1768 dioecesibus
641 1739 812 1773 constitutis.
835 1739 952 1768 satutem
964 1740 992 1768 et

249 1780 252 1784 '
288 1787 467 1824 apostolicam
484 1789 706 1817 benedictionem.

292 1858 426 1894 Ardenti
452 1859 612 1895 desiderio
638 1861 810 1907 aspirantes
837 1860 874 1895 ad
911 1874 991 1908 pur-

69 1912 211 1963 Ιαᾱυῑξξῇὶῦ·
244 1907 385 1955 gaudum
418 1916 534 1944 terram
573 1909 719 1957 Albigen.
761 1911 799 1945 ab
835 1910 991 1946 haeretica

93 1949 129 1964 “¹⁸
245 1957 403 2002 loeditate,
425 1958 638 2005 indulgentias
656 1959 732 1995 olim
758 1960 796 1995 ab
822 1961 991 2016 apostolica

245 2006 330 2043 Sede
350 2019 517 2043 concessas
543 2009 779 2056 crucesignatis,
799 2009 846 2045 vel
868 2011 993 2058 signan-

246 2057 294 2092 dis
315 2056 461 2092 fidelibus
478 2057 516 2092 ad
542 2057 602 2093 hoc
624 2058 866 2095 laborantibus
860 2072 992 2095 innova-

247 2118 329 2148 mus,
358 2116 390 2142 et
410 2107 560 2142 dilectum
587 2108 685 2143 filiuni
708 2117 848 2145 nostium
880 2109 992 2145 Ricar—

247 2155 324 2191 dum
346 2155 452 2192 Sancti
472 2156 586 2203 Angeli
603 2157 769 2193 diaconum
787 2159 990 2205 cardinalem

246 2206 448 2254 Apostolicae
469 2205 565 2241 Sedis
592 2207 741 2263 legatum,
767 2209 917 2244 scientem
938 2210 1013 2244 lin-1

65 2255 89 2277 Et
104 2256 194 2282 legatum
209 2261 234 2276 ι-

52 2290 106 2315 pon
130 2286 234 2313 duum.
249 2255 386 2290 IUSfflOdi
414 2265 556 2292 naturam
583 2258 711 2312 sseg'OIIi,
733 2266 763 2293 θῑ
789 2259 993 2295 CilCUmSIan-

249 2305 320 2347 tias,
345 2312 453 2353 utpote
470 2307 523 2361 qui
548 2306 605 2341 alia
624 2307 691 2341 iice
718 2307 748 2342 in
770 2320 807 2343 eo
829 2308 993 2344 efficaciter

249 2353 417 2400 laboravit,
450 2369 551 2391 virum
579 2356 714 2391 consilio
741 2365 771 2392 et
800 2357 992 2394 discretione

249 2383 471 2452 conspicuum,
493 2405 694 2462 diligentem,
716 2406 867 2442 bonorem
905 2410 991 2455 regni

250 2452 457 2510 Francorum,
475 2464 506 2490 et
521 2456 552 2490 in
571 2456 696 2503 negotio
717 2456 786 2504 ipso
808 2456 992 2500 ferventem

285 2622 325 2659 (¹)
340 2623 379 2650 Ex
396 2624 499 2659 Regest.
520 2625 603 2652 Vatic.

329 2667 404 2697 Butl.
427 2668 503 2698 Rom.
526 2669 580 2698 Vol.
600 2669 651 2699 III„
837 2671 875 2702 56

854 236 1038 260 ammonius
1061 236 1091 258 ΙΧ
1113 235 1161 257 ΙΨ.

1656 225 1719 255 441

1034 289 1205 337 praesentia
1232 298 1420 336 opportuna,
1442 290 1514 337 quia
1536 301 1585 324 res
1611 290 1677 337 ipsa
1705 301 1777 336 pro-

1034 348 1101 386 pter
1139 339 1187 374 sui
1227 338 1411 374 arduitatem
1448 339 1518 374 talis
1553 348 1583 374 et
1615 340 1690 375 tanti
1720 340 1776 374 viri

1032 389 1223 435 diligentiam
1267 389 1427 436 exigebat,
1451 389 1488 424 ad
1526 397 1628 436 partes
1660 397 1776 425 vestras

1034 447 1161 486 propter
1185 438 1304 473 dictum
1337 439 1496 484 negotium
1525 447 1556 473 et
1588 440 1664 483 alia,
1696 452 1776 486 quae

1033 488 1074 524 ibi
1106 488 1200 523 habet
1237 488 1337 523 Sedes
1369 488 1562 535 Apostolica,
1587 497 1774 536 pertractare

1032 538 1070 574 de
1103 547 1210 573 nostro
1238 537 1333 573 latere
1360 538 1508 573 duximus
1541 538 1775 576 destinandum.

1032 588 1079 623 De
1100 588 1327 635 omnipotentis
1349 588 1451 635 itaque
1472 587 1531 623 Dei
1550 590 1775 634 misericordia,

1032 646 1062 673 et
1088 637 1251 673 beatorum
1277 637 1491 685 apostolorum
1519 637 1601 674 Petri
1628 647 1659 674 et
1686 639 1774 675 Pauli

1031 688 1216 723 auctoritate
1248 688 1377 729 confisi,
1402 700 1439 722 ex
1466 687 1528 729 illa,
1550 700 1642 735 quam
1673 689 1774 731 nobis,

1022 737 1105 773 ‚licet
1137 737 1287 783 indignis,
1321 736 1408 772 Deus
1438 737 1555 783 ligandi
1587 746 1680 786 atque
1706 740 1775 775 sol-

1032 787 1124 821 vendi
1152 785 1285 822 contulit
1312 794 1509 842 potestatem,
1531 788 1700 830 omnibus,
1722 790 1775 836 qui

1032 836 1170 871 laborem
1194 836 1289 871 istum
1316 837 1347 871 in
1376 836 1509 883 propriis
1536 838 1680 884 personis
1700 838 1776 873 sub-

1032 886 1125 920 ierint
1150 893 1181 921 et
1203 886 1362 933 expensis,
1390 886 1515 933 plenam
1542 898 1672 923 suorum
1703 899 1777 935 pec-

1032 936 1214 976 caminum,
1250 935 1289 970 de
1322 935 1436 982 quibus
1475 936 1625 972 veraciter
1663 937 1777 972 fuerint

1032 985 1126 1020 corde
1160 985 1286 1020 contriti
1319 993 1351 1020 et
1382 997 1436 1020 ore
1468 985 1621 1027 confessi,
1655 987 1777 1022 veniam

1033 1035 1249 1082 indulgemus,
1282 1042 1312 1069 et
1335 1036 1366 1069 in
1394 1034 1599 1070 retributione
1622 1036 1776 1071 iustorum

989 1109 992 1112 »
1032 1085 1142 1120 salutis
1163 1094 1308 1119 aeternae
1331 1084 1518 1140 pollicemur
1538 1094 1775 1141 augumentum.

1032 1134 1087 1169 Eis
1102 1143 1219 1178 autem,
1238 1133 1322 1188 quod
1344 1146 1405 1168 nou
1431 1148 1460 1169 m
1469 1135 1616 1189 piopriis
1633 1136 1776 1182 personis

1034 1184 1108 1218 illuc
1140 1184 1347 1223 accesserint,
1378 1184 1432 1218 sed
1468 1184 1496 1218 iu
1523 1197 1590 1219 suis
1616 1185 1775 1220 dumtaxat

1033 1234 1178 1281 expensis
1213 1233 1297 1268 iuxta
1324 1233 1501 1268 facultatem
1532 1242 1562 1268 et
1595 1234 1777 1281 qualitatem

1032 1295 1121 1318 suam
1153 1284 1237 1317 viros
1270 1283 1401 1318 idoneos
1437 1283 1633 1325 destinarint,
1659 1292 1690 1319 et
1717 1284 1778 1319 illis

1032 1333 1187 1373 similiter
1209 1332 1263 1378 qui
1281 1333 1381 1367 licet
1377 1346 1407 1367 ιιι
1430 1333 1539 1368 alienis
1560 1334 1719 1388 expensis,
1746 1333 1776 1368 in

1033 1382 1169 1429 propriis
1190 1390 1294 1416 tamen
1318 1383 1460 1428 personis
1481 1382 1683 1438 accesserint,
1711 1382 1778 1429 ple-

1034 1445 1104 1466 nam
1127 1443 1256 1466 suorum
1284 1432 1489 1467 concedimus
1517 1433 1637 1468 veniam
1664 1444 1778 1480 pecca·

1032 1489 1148 1516 torum.
1182 1481 1286 1516 Huius
1312 1493 1438 1529 quoque
1463 1482 1656 1518 remissionis
1688 1482 1778 1517 volu-

1033 1543 1104 1565 mus
1125 1539 1155 1565 et
1181 1531 1387 1566 concedimus
1413 1544 1482 1567 esse
1505 1532 1674 1579 participes
1694 1532 1777 1567 iuxta

1032 1581 1235 1628 quantitatem
1264 1580 1395 1616 subsidii
1431 1590 1461 1616 et
1493 1581 1670 1618 devotionis
1696 1582 1777 1616 affe—

1033 1639 1117 1665 ctum
1140 1643 1265 1675 omneS,
1292 1632 1346 1678 qui
1369 1631 1407 1665 ad
1430 1631 1670 1667 subventionem
1697 1633 1779 1667 eius-

1034 1680 1104 1715 dem
1133 1681 1250 1726 negotii
1274 1680 1312 1715 de
1340 1680 1431 1716 bonis
1458 1682 1524 1716 suis
1551 1693 1690 1728 congrue
1713 1682 1778 1715 mi—

1034 1729 1221 1771 nistrabunt,
1249 1739 1301 1765 aut
1323 1731 1404 1765 circa
1429 1730 1585 1777 praedicta
1612 1731 1777 1766 consilium

1033 1787 1063 1814 et
1103 1779 1254 1814 auxilium
1301 1780 1513 1827 impenderint
1553 1790 1776 1828 opportunum.

1033 1828 1115 1864 Sane
1141 1829 1213 1877 quia
1246 1829 1328 1864 iusto
1357 1830 1472 1865 iudicio
1499 1830 1645 1865 coelestis
1673 1829 1778 1878 Impe-

1034 1879 1144 1913 ratoris
1181 1878 1342 1926 obsequiis
1383 1879 1605 1925 inhaerentes,
1650 1880 1776 1927 speciali

1033 1927 1148 1963 debent
1171 1929 1382 1976 praerogativa
1410 1929 1559 1976 gaudere,
1582 1929 1727 1965 volumus
1748 1938 1778 1964 et

1034 1977 1236 2020 mandamus,
1266 1986 1299 2013 ut
1325 1979 1351 2014 si
1380 1980 1433 2026 qui
1466 1979 1540 2014 illuc
1572 1979 1778 2026 proficiscen—

1035 2027 1110 2062 tium
1145 2027 1183 2062 ad
1220 2029 1420 2075 praestandas
1453 2041 1565 2064 usuras
1602 2029 1778 2064 iuramento

1034 2085 1180 2112 tenentur
1206 2078 1344 2123 astricti,
1379 2079 1550 2114 creditores
1576 2091 1709 2123 eorum,
1745 2086 1776 2113 ut

1011 2159 1013 2162 .
1034 2127 1195 2161 remittant
1221 2127 1266 2162 eis
1292 2129 1474 2175 praestitum
1504 2129 1725 2172 iuramentum,
1748 2138 1777 2161 et

1032 2175 1072 2210 ab
1095 2189 1259 2211 usurarum
1289 2179 1450 2213 exactione
1481 2178 1647 2217 desistant,
1676 2177 1777 2212 eccie-

1033 2226 1157 2260 siastica
1176 2226 1367 2262 districtione
1389 2228 1517 2274 cogatis.
1533 2227 1626 2269 Quod
1645 2227 1670 2261 si
1689 2227 1778 2274 quis-

1033 2288 1126 2321 quam
1149 2275 1341 2311 creditorum
1364 2289 1418 2311 eos
1439 2277 1477 2311 ad
1499 2277 1687 2311 solutionem
1706 2288 1777 2312 coe-

1033 2325 1111 2370 gerit
1138 2337 1315 2366 usurarum,
1344 2326 1381 2360 ad
1414 2339 1521 2361 earum
1549 2327 1777 2363 restitutionem

1012 2401 1014 2408 ,
1034 2374 1126 2408 simili
1149 2386 1280 2409 censura
1303 2376 1501 2422 compellatis
1523 2376 1660 2411 eosdem.
1688 2376 1779 2412 Prae-

1034 2432 1116 2458 terea
1136 2423 1267 2459 iudaeos
1290 2425 1325 2459 ad
1349 2425 1570 2460 remittendum
1592 2439 1701 2462 usuras
1724 2438 1779 2473 per

983 2476 1224 2509 ¹sanctiiarem
1257 2474 1377 2509 faciatis
1400 2483 1581 2522 potestatem
1610 2477 1777 2533 compelli,

250 2504 303 2551 ‘1¹¹¹
323 2514 549 2551 q¹¹³¹¹¹¹¹¹¹¹⁰¹¹¹¹¹
542 2518 615 2553 que
629 2505 719 2540 ¹¹⁰b¹3
741 2508 993 2553 1¹¹3¹¹¹e⁰³³⁵ffl¹¹¹¹¹S
1013 2532 1014 2559 ξ
1034 2531 1063 2557 et
1092 2524 1191 2558 donec
1222 2536 1274 2559 eas
1297 2524 1489 2567 remiserint,
1521 2529 1778 2562 communionem

250 2561 333 2588 esset
358 2554 441 2602 apud
475 2554 592 2590 Sedem
620 2556 844 2603 Apostolicam‚
870 2565 899 2593 et
926 2560 1014 2592 eius³

1034 2573 1091 2607 silo
1116 2573 1253 2608 fidelium
1276 2575 1434 2620 denegat-‚i
1463 2574 1560 2610 Pori-0
1581 2576 1606 2610 si
1629 2577 1682 2624 qui
1709 2589 1777 2613 eru-

1012 2633 1264 2673 I<cesignatoium
1294 2623 1417 2659 Iudaeis
1443 2625 1564 2661 solvere
1590 2626 1694 2662 debita
1721 2640 1778 2664 ne-

1791 233 1842 258 Αιι.
1859 231 1888 258 C.
1903 232 1974 258 ¹228

1803 596 1924 617 Distributio
1938 597 1972 615 tn-

1804 626 1955 653 dulgentiarum

1803 663 1827 678 ue
1842 657 1958 679 ‹ii-tinette,

1805 1842 1906 1865 Concedit
1920 1849 1973 1871 quo-

1793 1881 1818 1902 qu
1808 1879 1832 1895 ue
1865 1874 1975 1900 privilegia

1792 1904 1899 1927 nonnulla,
