<?xml version="1.0" encoding="UTF-8"?>
<!DOCTYPE html PUBLIC "-//W3C//DTD XHTML 1.0 Transitional//EN"
    "http://www.w3.org/TR/xhtml1/DTD/xhtml1-transitional.dtd">
<html xmlns="http://www.w3.org/1999/xhtml" xml:lang="en" lang="en">
 <head>
  <title>
</title>
<meta http-equiv="Content-Type" content="text/html;charset=utf-8" />
  <meta name='ocr-system' content='tesseract 3.04.00' />
  <meta name='ocr-capabilities' content='ocr_page ocr_carea ocr_par ocr_line ocrx_word'/>
</head>
<body>
  <div class='ocr_page' id='page_1' title='image "./bullarumdiplomat03cath_0631.png"; bbox 0 0 2129 3223; ppageno 0'>
   <div class='ocr_carea' id='block_1_1' title="bbox 58 286 239 315">
    <p class='ocr_par' dir='ltr' id='par_1_1' title="bbox 58 286 239 315">
     <span class='ocr_line' id='line_1_1' title="bbox 58 286 239 315; baseline -0.017 0"><span class='ocrx_word' id='word_1_1' title='bbox 58 287 107 315; x_wconf 66' lang='lat' dir='ltr'>Rn.</span> <span class='ocrx_word' id='word_1_2' title='bbox 125 286 152 314; x_wconf 90' lang='lat' dir='ltr'>C.</span> <span class='ocrx_word' id='word_1_3' title='bbox 175 286 239 313; x_wconf 65' lang='lat'>¹255</span> 
     </span>
    </p>
   </div>
   <div class='ocr_carea' id='block_1_2' title="bbox 53 734 238 879">
    <p class='ocr_par' dir='ltr' id='par_1_2' title="bbox 53 734 236 879">
     <span class='ocr_line' id='line_1_2' title="bbox 79 734 210 756; baseline 0.008 -1"><span class='ocrx_word' id='word_1_4' title='bbox 79 734 210 756; x_wconf 68' lang='lat' dir='ltr'>Arm-chuno</span> 
     </span>
     <span class='ocr_line' id='line_1_3' title="bbox 53 765 236 791; baseline -0.005 -4"><span class='ocrx_word' id='word_1_5' title='bbox 53 765 184 791; x_wconf 70' lang='grc' dir='ltr'>εοιικιιιιιιτ,</span> <span class='ocrx_word' id='word_1_6' title='bbox 215 769 236 786; x_wconf 91' lang='grc' dir='ltr'>ιιι</span> 
     </span>
     <span class='ocr_line' id='line_1_4' title="bbox 55 797 236 824; baseline 0.011 -8"><span class='ocrx_word' id='word_1_7' title='bbox 55 797 126 818; x_wconf 68' lang='lat' dir='ltr'>voe-rt</span> <span class='ocrx_word' id='word_1_8' title='bbox 169 798 236 824; x_wconf 70' lang='lat' dir='ltr'>possit</span> 
     </span>
     <span class='ocr_line' id='line_1_5' title="bbox 53 827 238 854; baseline 0.006 -7"><span class='ocrx_word' id='word_1_9' title='bbox 53 827 129 854; x_wconf 75' lang='lat' dir='ltr'>prinu</span> <span class='ocrx_word' id='word_1_10' title='bbox 170 827 238 848; x_wconf 82' lang='grc' dir='ltr'>ΤΙιιιιι-</span> 
     </span>
     <span class='ocr_line' id='line_1_6' title="bbox 53 863 107 879; baseline 0.019 -1"><span class='ocrx_word' id='word_1_11' title='bbox 53 863 107 879; x_wconf 74' lang='lat' dir='ltr'>tuen.</span> 
     </span>
    </p>
   </div>
   <div class='ocr_carea' id='block_1_3' title="bbox 49 1372 234 1490">
    <p class='ocr_par' dir='ltr' id='par_1_3' title="bbox 49 1372 234 1490">
     <span class='ocr_line' id='line_1_7' title="bbox 62 1372 234 1395; baseline 0.006 -1"><span class='ocrx_word' id='word_1_12' title='bbox 62 1372 169 1395; x_wconf 68' lang='lat' dir='ltr'>stabilitur</span> <span class='ocrx_word' id='word_1_13' title='bbox 181 1378 234 1395; x_wconf 81' lang='lat' dir='ltr'>tem-</span> 
     </span>
     <span class='ocr_line' id='line_1_8' title="bbox 50 1404 232 1431; baseline 0 -7"><span class='ocrx_word' id='word_1_14' title='bbox 50 1409 88 1431; x_wconf 73' lang='lat' dir='ltr'>pu</span> <span class='ocrx_word' id='word_1_15' title='bbox 103 1404 232 1425; x_wconf 70' lang='lat' dir='ltr'>visitationis</span> 
     </span>
     <span class='ocr_line' id='line_1_9' title="bbox 49 1436 234 1461; baseline 0.011 -7"><span class='ocrx_word' id='word_1_16' title='bbox 49 1436 170 1461; x_wconf 71' lang='lat' dir='ltr'>provinciae</span> <span class='ocrx_word' id='word_1_17' title='bbox 177 1437 234 1456; x_wconf 74' lang='lat' dir='ltr'>eius-</span> 
     </span>
     <span class='ocr_line' id='line_1_10' title="bbox 49 1465 230 1490; baseline 0 -4"><span class='ocrx_word' id='word_1_18' title='bbox 49 1465 103 1490; x_wconf 76' lang='lat' dir='ltr'>dem,</span> <span class='ocrx_word' id='word_1_19' title='bbox 118 1471 142 1486; x_wconf 72' lang='lat' dir='ltr'>ac</span> <span class='ocrx_word' id='word_1_20' title='bbox 157 1465 230 1487; x_wconf 70' lang='lat' dir='ltr'>forma</span> 
     </span>
    </p>
   </div>
   <div class='ocr_carea' id='block_1_4' title="bbox 861 283 1194 307">
    <p class='ocr_par' dir='ltr' id='par_1_4' title="bbox 861 283 1194 307">
     <span class='ocr_line' id='line_1_11' title="bbox 861 283 1194 307; baseline 0 0"><span class='ocrx_word' id='word_1_21' title='bbox 861 285 961 307; x_wconf 53' lang='lat' dir='ltr'>ALEX&#39;X</span> <span class='ocrx_word' id='word_1_22' title='bbox 971 285 1051 307; x_wconf 63' lang='lat' dir='ltr'>snm&lt;</span> <span class='ocrx_word' id='word_1_23' title='bbox 1089 286 1119 307; x_wconf 73' lang='lat' dir='ltr'>lV</span> <span class='ocrx_word' id='word_1_24' title='bbox 1146 283 1194 307; x_wconf 66' lang='lat'>1¹9.</span> 
     </span>
    </p>
   </div>
   <div class='ocr_carea' id='block_1_5' title="bbox 245 339 1002 2736">
    <p class='ocr_par' dir='ltr' id='par_1_5' title="bbox 245 339 1002 2736">
     <span class='ocr_line' id='line_1_12' title="bbox 254 339 1002 386; baseline -0.005 -10"><span class='ocrx_word' id='word_1_25' title='bbox 254 341 367 376; x_wconf 91' lang='lat' dir='ltr'>nostris</span> <span class='ocrx_word' id='word_1_26' title='bbox 388 339 528 375; x_wconf 75' lang='lat' dir='ltr'>studiose</span> <span class='ocrx_word' id='word_1_27' title='bbox 551 339 770 383; x_wconf 81' lang='lat' dir='ltr'>discussimus,</span> <span class='ocrx_word' id='word_1_28' title='bbox 793 347 823 374; x_wconf 89' lang='lat' dir='ltr'>et</span> <span class='ocrx_word' id='word_1_29' title='bbox 840 350 936 386; x_wconf 89' lang='lat' dir='ltr'>super</span> <span class='ocrx_word' id='word_1_30' title='bbox 953 351 1002 383; x_wconf 83' lang='lat' dir='ltr'>eo,</span> 
     </span>
     <span class='ocr_line' id='line_1_13' title="bbox 254 388 1002 436; baseline -0.003 -11"><span class='ocrx_word' id='word_1_31' title='bbox 254 399 285 425; x_wconf 90' lang='lat' dir='ltr'>ut</span> <span class='ocrx_word' id='word_1_32' title='bbox 315 390 376 424; x_wconf 81' lang='lat' dir='ltr'>line</span> <span class='ocrx_word' id='word_1_33' title='bbox 403 388 500 436; x_wconf 79' lang='lat' dir='ltr'>possit</span> <span class='ocrx_word' id='word_1_34' title='bbox 525 399 666 434; x_wconf 84' lang='lat' dir='ltr'>congruo</span> <span class='ocrx_word' id='word_1_35' title='bbox 692 388 862 428; x_wconf 80' lang='lat' dir='ltr'>terminari,</span> <span class='ocrx_word' id='word_1_36' title='bbox 890 388 1002 423; x_wconf 87' lang='lat' dir='ltr'>consi-</span> 
     </span>
     <span class='ocr_line' id='line_1_14' title="bbox 253 436 1002 492; baseline -0.003 -18"><span class='ocrx_word' id='word_1_37' title='bbox 253 440 435 475; x_wconf 84' lang='lat' dir='ltr'>deravimus</span> <span class='ocrx_word' id='word_1_38' title='bbox 467 437 644 492; x_wconf 80' lang='lat' dir='ltr'>diligenter.</span> <span class='ocrx_word' id='word_1_39' title='bbox 679 436 795 472; x_wconf 83' lang='lat' dir='ltr'>Verum</span> <span class='ocrx_word' id='word_1_40' title='bbox 824 438 893 484; x_wconf 80' lang='lat' dir='ltr'>quio</span> <span class='ocrx_word' id='word_1_41' title='bbox 923 450 1002 484; x_wconf 88' lang='lat' dir='ltr'>pen-</span> 
     </span>
     <span class='ocr_line' id='line_1_15' title="bbox 251 486 1001 542; baseline -0.004 -19"><span class='ocrx_word' id='word_1_42' title='bbox 251 490 326 523; x_wconf 83' lang='lat' dir='ltr'>satis</span> <span class='ocrx_word' id='word_1_43' title='bbox 361 486 490 542; x_wconf 71' lang='lat' dir='ltr'>provide</span> <span class='ocrx_word' id='word_1_44' title='bbox 529 486 629 533; x_wconf 89' lang='lat' dir='ltr'>ipsius</span> <span class='ocrx_word' id='word_1_45' title='bbox 664 487 778 532; x_wconf 80' lang='lat' dir='ltr'>negotii</span> <span class='ocrx_word' id='word_1_46' title='bbox 816 487 936 521; x_wconf 85' lang='lat' dir='ltr'>meritis</span> <span class='ocrx_word' id='word_1_47' title='bbox 972 495 1001 521; x_wconf 91' lang='lat' dir='ltr'>et</span> 
     </span>
     <span class='ocr_line' id='line_1_16' title="bbox 251 535 999 590; baseline -0.003 -18"><span class='ocrx_word' id='word_1_48' title='bbox 251 536 495 572; x_wconf 75' lang='lat' dir='ltr'>circumstantiis</span> <span class='ocrx_word' id='word_1_49' title='bbox 519 535 697 579; x_wconf 81' lang='lat' dir='ltr'>universis,</span> <span class='ocrx_word' id='word_1_50' title='bbox 731 537 938 590; x_wconf 69' lang='lat' dir='ltr'>cognovimus</span> <span class='ocrx_word' id='word_1_51' title='bbox 953 549 999 572; x_wconf 83' lang='lat' dir='ltr'>ex</span> 
     </span>
     <span class='ocr_line' id='line_1_17' title="bbox 251 584 1001 633; baseline -0.004 -11"><span class='ocrx_word' id='word_1_52' title='bbox 251 587 357 633; x_wconf 83' lang='lat' dir='ltr'>pedire</span> <span class='ocrx_word' id='word_1_53' title='bbox 373 614 382 627; x_wconf 86' lang='lat'>,</span> <span class='ocrx_word' id='word_1_54' title='bbox 421 585 505 633; x_wconf 91' lang='lat' dir='ltr'>quod</span> <span class='ocrx_word' id='word_1_55' title='bbox 546 597 601 632; x_wconf 90' lang='lat' dir='ltr'>per</span> <span class='ocrx_word' id='word_1_56' title='bbox 645 584 773 619; x_wconf 91' lang='lat' dir='ltr'>modum</span> <span class='ocrx_word' id='word_1_57' title='bbox 812 585 1001 631; x_wconf 81' lang='lat' dir='ltr'>provisionis</span> 
     </span>
     <span class='ocr_line' id='line_1_18' title="bbox 250 633 1001 690; baseline 0 -21"><span class='ocrx_word' id='word_1_58' title='bbox 250 635 332 671; x_wconf 82' lang='lat' dir='ltr'>idem</span> <span class='ocrx_word' id='word_1_59' title='bbox 363 635 520 681; x_wconf 84' lang='lat' dir='ltr'>negotium</span> <span class='ocrx_word' id='word_1_60' title='bbox 545 634 742 677; x_wconf 83' lang='lat' dir='ltr'>terminetur,</span> <span class='ocrx_word' id='word_1_61' title='bbox 769 633 923 680; x_wconf 81' lang='lat' dir='ltr'>elegimus</span> <span class='ocrx_word' id='word_1_62' title='bbox 943 647 1001 690; x_wconf 78' lang='lat' dir='ltr'>po-</span> 
     </span>
     <span class='ocr_line' id='line_1_19' title="bbox 249 682 998 733; baseline 0 -15"><span class='ocrx_word' id='word_1_63' title='bbox 249 685 312 721; x_wconf 84' lang='lat' dir='ltr'>&#39;tius</span> <span class='ocrx_word' id='word_1_64' title='bbox 340 684 496 733; x_wconf 85' lang='lat' dir='ltr'>perhanc</span> <span class='ocrx_word' id='word_1_65' title='bbox 529 684 607 718; x_wconf 90' lang='lat' dir='ltr'>viam</span> <span class='ocrx_word' id='word_1_66' title='bbox 640 683 800 730; x_wconf 83' lang='lat' dir='ltr'>imponere</span> <span class='ocrx_word' id='word_1_67' title='bbox 830 682 922 718; x_wconf 90' lang='lat' dir='ltr'>finem</span> <span class='ocrx_word' id='word_1_68' title='bbox 958 685 998 718; x_wconf 88' lang='lat' dir='ltr'>ei</span> 
     </span>
     <span class='ocr_line' id='line_1_20' title="bbox 250 732 997 779; baseline -0.001 -11"><span class='ocrx_word' id='word_1_69' title='bbox 250 734 444 770; x_wconf 78' lang='lat' dir='ltr'>Auctoritate</span> <span class='ocrx_word' id='word_1_70' title='bbox 467 733 562 779; x_wconf 87' lang='lat' dir='ltr'>igitur</span> <span class='ocrx_word' id='word_1_71' title='bbox 595 732 767 779; x_wconf 86' lang='lat' dir='ltr'>apostolica</span> <span class='ocrx_word' id='word_1_72' title='bbox 795 732 833 767; x_wconf 91' lang='lat' dir='ltr'>de</span> <span class='ocrx_word' id='word_1_73' title='bbox 868 732 997 767; x_wconf 77' lang='lat' dir='ltr'>fratrum</span> 
     </span>
     <span class='ocr_line' id='line_1_21' title="bbox 250 781 997 829; baseline -0.003 -10"><span class='ocrx_word' id='word_1_74' title='bbox 250 792 428 819; x_wconf 87' lang='lat' dir='ltr'>nostrorum</span> <span class='ocrx_word' id='word_1_75' title='bbox 470 781 604 817; x_wconf 90' lang='lat' dir='ltr'>consilio</span> <span class='ocrx_word' id='word_1_76' title='bbox 640 781 742 816; x_wconf 89' lang='lat' dir='ltr'>taliter</span> <span class='ocrx_word' id='word_1_77' title='bbox 778 781 997 829; x_wconf 73' lang='lat' dir='ltr'>providemus,</span> 
     </span>
     <span class='ocr_line' id='line_1_22' title="bbox 248 830 999 880; baseline -0.003 -13"><span class='ocrx_word' id='word_1_78' title='bbox 248 833 332 879; x_wconf 93' lang='lat' dir='ltr'>quod</span> <span class='ocrx_word' id='word_1_79' title='bbox 355 831 512 880; x_wconf 87' lang='lat' dir='ltr'>praefatus</span> <span class='ocrx_word' id='word_1_80' title='bbox 540 830 798 878; x_wconf 80' lang='lat' dir='ltr'>archiepiscopus</span> <span class='ocrx_word' id='word_1_81' title='bbox 825 831 999 866; x_wconf 81' lang='lat' dir='ltr'>Armacha-</span> 
     </span>
     <span class='ocr_line' id='line_1_23' title="bbox 250 880 998 927; baseline 0.001 -12"><span class='ocrx_word' id='word_1_82' title='bbox 250 894 309 916; x_wconf 88' lang='lat' dir='ltr'>nus</span> <span class='ocrx_word' id='word_1_83' title='bbox 335 890 363 917; x_wconf 89' lang='lat' dir='ltr'>et</span> <span class='ocrx_word' id='word_1_84' title='bbox 389 880 503 927; x_wconf 79' lang='lat' dir='ltr'>singuli</span> <span class='ocrx_word' id='word_1_85' title='bbox 526 880 575 915; x_wconf 94' lang='lat' dir='ltr'>sui</span> <span class='ocrx_word' id='word_1_86' title='bbox 598 891 798 915; x_wconf 88' lang='lat' dir='ltr'>successores</span> <span class='ocrx_word' id='word_1_87' title='bbox 821 881 943 926; x_wconf 79' lang='lat' dir='ltr'>possint</span> <span class='ocrx_word' id='word_1_88' title='bbox 965 893 998 916; x_wconf 90' lang='lat' dir='ltr'>se</span> 
     </span>
     <span class='ocr_line' id='line_1_24' title="bbox 250 928 998 985; baseline 0.001 -22"><span class='ocrx_word' id='word_1_89' title='bbox 250 942 358 966; x_wconf 81' lang='lat' dir='ltr'>vocare</span> <span class='ocrx_word' id='word_1_90' title='bbox 390 930 438 965; x_wconf 89' lang='lat' dir='ltr'>vel</span> <span class='ocrx_word' id='word_1_91' title='bbox 471 929 648 985; x_wconf 82' lang='lat' dir='ltr'>appellare,</span> <span class='ocrx_word' id='word_1_92' title='bbox 676 930 702 963; x_wconf 91' lang='lat' dir='ltr'>si</span> <span class='ocrx_word' id='word_1_93' title='bbox 733 928 906 973; x_wconf 72' lang='grc' dir='ltr'>ι’·οΙιιθιῐιιι,</span> <span class='ocrx_word' id='word_1_94' title='bbox 935 931 998 977; x_wconf 87' lang='lat' dir='ltr'>pri-</span> 
     </span>
     <span class='ocr_line' id='line_1_25' title="bbox 249 977 998 1028; baseline 0.001 -15"><span class='ocrx_word' id='word_1_95' title='bbox 249 988 346 1015; x_wconf 88' lang='lat' dir='ltr'>mates</span> <span class='ocrx_word' id='word_1_96' title='bbox 367 979 548 1028; x_wconf 87' lang='lat' dir='ltr'>provinciae</span> <span class='ocrx_word' id='word_1_97' title='bbox 570 977 724 1013; x_wconf 88' lang='lat' dir='ltr'>Tuamen.</span> <span class='ocrx_word' id='word_1_98' title='bbox 735 1005 745 1022; x_wconf 80' lang='lat'>,</span> <span class='ocrx_word' id='word_1_99' title='bbox 767 987 797 1013; x_wconf 92' lang='lat' dir='ltr'>et</span> <span class='ocrx_word' id='word_1_100' title='bbox 819 977 919 1013; x_wconf 89' lang='lat' dir='ltr'>facere</span> <span class='ocrx_word' id='word_1_101' title='bbox 941 978 998 1014; x_wconf 91' lang='lat' dir='ltr'>de-</span> 
     </span>
     <span class='ocr_line' id='line_1_26' title="bbox 247 1027 998 1074; baseline 0 -12"><span class='ocrx_word' id='word_1_102' title='bbox 247 1027 317 1063; x_wconf 85' lang='lat' dir='ltr'>terri</span> <span class='ocrx_word' id='word_1_103' title='bbox 352 1037 423 1064; x_wconf 89' lang='lat' dir='ltr'>aute</span> <span class='ocrx_word' id='word_1_104' title='bbox 453 1040 487 1063; x_wconf 86' lang='lat' dir='ltr'>se</span> <span class='ocrx_word' id='word_1_105' title='bbox 520 1039 647 1063; x_wconf 86' lang='lat' dir='ltr'>crucem</span> <span class='ocrx_word' id='word_1_106' title='bbox 671 1038 726 1074; x_wconf 87' lang='lat' dir='ltr'>per</span> <span class='ocrx_word' id='word_1_107' title='bbox 753 1035 848 1062; x_wconf 89' lang='lat' dir='ltr'>totam</span> <span class='ocrx_word' id='word_1_108' title='bbox 872 1028 998 1074; x_wconf 91' lang='lat' dir='ltr'>provin-</span> 
     </span>
     <span class='ocr_line' id='line_1_27' title="bbox 246 1076 998 1131; baseline 0.001 -20"><span class='ocrx_word' id='word_1_109' title='bbox 246 1078 324 1112; x_wconf 87' lang='lat' dir='ltr'>ciam</span> <span class='ocrx_word' id='word_1_110' title='bbox 362 1078 461 1125; x_wconf 85' lang='lat' dir='ltr'>ipsam</span> <span class='ocrx_word' id='word_1_111' title='bbox 496 1076 762 1131; x_wconf 83' lang='lat' dir='ltr'>quandocumque</span> <span class='ocrx_word' id='word_1_112' title='bbox 790 1085 819 1111; x_wconf 88' lang='lat' dir='ltr'>et</span> <span class='ocrx_word' id='word_1_113' title='bbox 854 1077 998 1124; x_wconf 88' lang='lat' dir='ltr'>quoties·</span> 
     </span>
     <span class='ocr_line' id='line_1_28' title="bbox 246 1126 998 1174; baseline 0 -14"><span class='ocrx_word' id='word_1_114' title='bbox 246 1139 382 1174; x_wconf 69' lang='lat' dir='ltr'>cunique</span> <span class='ocrx_word' id='word_1_115' title='bbox 406 1127 492 1174; x_wconf 88' lang='lat' dir='ltr'>ipsos</span> <span class='ocrx_word' id='word_1_116' title='bbox 516 1126 647 1161; x_wconf 91' lang='lat' dir='ltr'>transire</span> <span class='ocrx_word' id='word_1_117' title='bbox 665 1126 829 1171; x_wconf 82' lang='lat' dir='ltr'>contigerit</span> <span class='ocrx_word' id='word_1_118' title='bbox 846 1138 900 1172; x_wconf 88' lang='lat' dir='ltr'>per</span> <span class='ocrx_word' id='word_1_119' title='bbox 917 1138 998 1160; x_wconf 89' lang='lat' dir='ltr'>eam-</span> 
     </span>
     <span class='ocr_line' id='line_1_29' title="bbox 246 1175 995 1221; baseline 0.001 -13"><span class='ocrx_word' id='word_1_120' title='bbox 246 1175 330 1210; x_wconf 66' lang='lat' dir='ltr'>dim.</span> <span class='ocrx_word' id='word_1_121' title='bbox 374 1175 499 1211; x_wconf 87' lang='lat' dir='ltr'>Possint</span> <span class='ocrx_word' id='word_1_122' title='bbox 526 1176 618 1210; x_wconf 81' lang='lat' dir='ltr'>etiam</span> <span class='ocrx_word' id='word_1_123' title='bbox 653 1175 767 1209; x_wconf 88' lang='lat' dir='ltr'>dictam</span> <span class='ocrx_word' id='word_1_124' title='bbox 805 1175 995 1221; x_wconf 80' lang='lat' dir='ltr'>provinciam</span> 
     </span>
     <span class='ocr_line' id='line_1_30' title="bbox 246 1224 996 1281; baseline -0.003 -21"><span class='ocrx_word' id='word_1_125' title='bbox 246 1225 286 1259; x_wconf 89' lang='lat' dir='ltr'>de</span> <span class='ocrx_word' id='word_1_126' title='bbox 303 1225 522 1281; x_wconf 79' lang='lat' dir='ltr'>quinquennio</span> <span class='ocrx_word' id='word_1_127' title='bbox 542 1225 571 1259; x_wconf 92' lang='lat' dir='ltr'>in</span> <span class='ocrx_word' id='word_1_128' title='bbox 593 1224 846 1271; x_wconf 86' lang='lat' dir='ltr'>quinquennium</span> <span class='ocrx_word' id='word_1_129' title='bbox 864 1224 996 1269; x_wconf 72' lang='lat' dir='ltr'>visitare,</span> 
     </span>
     <span class='ocr_line' id='line_1_31' title="bbox 245 1272 997 1328; baseline 0 -20"><span class='ocrx_word' id='word_1_130' title='bbox 245 1286 282 1309; x_wconf 89' lang='lat' dir='ltr'>ac</span> <span class='ocrx_word' id='word_1_131' title='bbox 309 1287 364 1321; x_wconf 86' lang='lat' dir='ltr'>per</span> <span class='ocrx_word' id='word_1_132' title='bbox 389 1275 498 1321; x_wconf 84' lang='lat' dir='ltr'>viginti</span> <span class='ocrx_word' id='word_1_133' title='bbox 531 1282 560 1308; x_wconf 88' lang='lat' dir='ltr'>et</span> <span class='ocrx_word' id='word_1_134' title='bbox 590 1282 710 1328; x_wconf 83' lang='lat' dir='ltr'>septem</span> <span class='ocrx_word' id='word_1_135' title='bbox 741 1273 809 1308; x_wconf 90' lang='lat' dir='ltr'>dies</span> <span class='ocrx_word' id='word_1_136' title='bbox 837 1272 997 1308; x_wconf 75' lang='lat' dir='ltr'>dumtaxat</span> 
     </span>
     <span class='ocr_line' id='line_1_32' title="bbox 247 1322 995 1369; baseline 0.001 -13"><span class='ocrx_word' id='word_1_137' title='bbox 247 1323 436 1358; x_wconf 80' lang='lat' dir='ltr'>visitationis</span> <span class='ocrx_word' id='word_1_138' title='bbox 464 1322 565 1357; x_wconf 83' lang='lat' dir='ltr'>officio</span> <span class='ocrx_word' id='word_1_139' title='bbox 594 1322 772 1360; x_wconf 80' lang='lat' dir='ltr'>immorari,-</span> <span class='ocrx_word' id='word_1_140' title='bbox 803 1324 842 1356; x_wconf 88' lang='lat' dir='ltr'>ita</span> <span class='ocrx_word' id='word_1_141' title='bbox 866 1323 948 1369; x_wconf 84' lang='lat' dir='ltr'>quod</span> <span class='ocrx_word' id='word_1_142' title='bbox 971 1323 995 1357; x_wconf 91' lang='lat' dir='ltr'>si</span> 
     </span>
     <span class='ocr_line' id='line_1_33' title="bbox 246 1371 997 1427; baseline 0 -22"><span class='ocrx_word' id='word_1_143' title='bbox 246 1384 300 1406; x_wconf 88' lang='lat' dir='ltr'>eos</span> <span class='ocrx_word' id='word_1_144' title='bbox 326 1373 513 1427; x_wconf 83' lang='lat' dir='ltr'>praedictam</span> <span class='ocrx_word' id='word_1_145' title='bbox 535 1371 745 1427; x_wconf 69' lang='lat' dir='ltr'>proxinciam</span> <span class='ocrx_word' id='word_1_146' title='bbox 773 1378 937 1426; x_wconf 83' lang='lat' dir='ltr'>postquam</span> <span class='ocrx_word' id='word_1_147' title='bbox 959 1371 997 1405; x_wconf 92' lang='lat' dir='ltr'>il-</span> 
     </span>
     <span class='ocr_line' id='line_1_34' title="bbox 247 1420 994 1466; baseline -0.001 -10"><span class='ocrx_word' id='word_1_148' title='bbox 247 1422 306 1456; x_wconf 85' lang='lat' dir='ltr'>lam</span> <span class='ocrx_word' id='word_1_149' title='bbox 329 1433 422 1458; x_wconf 85' lang='lat' dir='ltr'>causa</span> <span class='ocrx_word' id='word_1_150' title='bbox 447 1421 632 1456; x_wconf 74' lang='lat' dir='ltr'>visitationis</span> <span class='ocrx_word' id='word_1_151' title='bbox 659 1420 860 1461; x_wconf 66' lang='lat' dir='ltr'>intraxerint,</span> <span class='ocrx_word' id='word_1_152' title='bbox 887 1420 994 1466; x_wconf 85' lang='lat' dir='ltr'>egredi</span> 
     </span>
     <span class='ocr_line' id='line_1_35' title="bbox 246 1469 996 1524; baseline 0 -20"><span class='ocrx_word' id='word_1_153' title='bbox 246 1482 283 1504; x_wconf 84' lang='lat' dir='ltr'>ex</span> <span class='ocrx_word' id='word_1_154' title='bbox 310 1483 512 1518; x_wconf 85' lang='lat' dir='ltr'>quacumque</span> <span class='ocrx_word' id='word_1_155' title='bbox 538 1481 630 1505; x_wconf 86' lang='lat' dir='ltr'>causa</span> <span class='ocrx_word' id='word_1_156' title='bbox 666 1469 854 1524; x_wconf 82' lang='lat' dir='ltr'>contigerit,</span> <span class='ocrx_word' id='word_1_157' title='bbox 889 1470 996 1516; x_wconf 88' lang='lat' dir='ltr'>prius-</span> 
     </span>
     <span class='ocr_line' id='line_1_36' title="bbox 245 1517 994 1576; baseline -0.003 -21"><span class='ocrx_word' id='word_1_158' title='bbox 245 1531 338 1567; x_wconf 87' lang='lat' dir='ltr'>quam</span> <span class='ocrx_word' id='word_1_159' title='bbox 363 1521 606 1576; x_wconf 80' lang='lat' dir='ltr'>praedictorum</span> <span class='ocrx_word' id='word_1_160' title='bbox 613 1518 720 1565; x_wconf 81' lang='lat' dir='ltr'>viginti</span> <span class='ocrx_word' id='word_1_161' title='bbox 736 1526 857 1565; x_wconf 86' lang='lat' dir='ltr'>septem</span> <span class='ocrx_word' id='word_1_162' title='bbox 873 1517 994 1553; x_wconf 89' lang='lat' dir='ltr'>dierum</span> 
     </span>
     <span class='ocr_line' id='line_1_37' title="bbox 245 1567 994 1623; baseline -0.001 -20"><span class='ocrx_word' id='word_1_163' title='bbox 245 1580 415 1605; x_wconf 86' lang='lat' dir='ltr'>numerum</span> <span class='ocrx_word' id='word_1_164' title='bbox 437 1569 467 1604; x_wconf 93' lang='lat' dir='ltr'>in</span> <span class='ocrx_word' id='word_1_165' title='bbox 497 1567 672 1603; x_wconf 89' lang='lat' dir='ltr'>visitatione</span> <span class='ocrx_word' id='word_1_166' title='bbox 701 1567 905 1623; x_wconf 77' lang='lat' dir='ltr'>perfecerint</span> <span class='ocrx_word' id='word_1_167' title='bbox 932 1580 994 1602; x_wconf 93' lang='lat' dir='ltr'>non</span> 
     </span>
     <span class='ocr_line' id='line_1_38' title="bbox 245 1617 995 1671; baseline 0 -19"><span class='ocrx_word' id='word_1_168' title='bbox 245 1618 334 1653; x_wconf 84' lang='lat' dir='ltr'>liceat</span> <span class='ocrx_word' id='word_1_169' title='bbox 359 1619 406 1654; x_wconf 89' lang='lat' dir='ltr'>eis</span> <span class='ocrx_word' id='word_1_170' title='bbox 434 1619 533 1666; x_wconf 83' lang='lat' dir='ltr'>ipsam</span> <span class='ocrx_word' id='word_1_171' title='bbox 555 1629 648 1652; x_wconf 90' lang='lat' dir='ltr'>causa</span> <span class='ocrx_word' id='word_1_172' title='bbox 682 1617 866 1652; x_wconf 87' lang='lat' dir='ltr'>visitationis</span> <span class='ocrx_word' id='word_1_173' title='bbox 880 1629 995 1671; x_wconf 30' lang='lat' dir='ltr'>*usque</span> 
     </span>
     <span class='ocr_line' id='line_1_39' title="bbox 245 1666 996 1721; baseline -0.001 -20"><span class='ocrx_word' id='word_1_174' title='bbox 245 1667 283 1701; x_wconf 88' lang='lat' dir='ltr'>ad</span> <span class='ocrx_word' id='word_1_175' title='bbox 304 1667 390 1703; x_wconf 92' lang='lat' dir='ltr'>aliud</span> <span class='ocrx_word' id='word_1_176' title='bbox 413 1667 668 1721; x_wconf 87' lang='lat' dir='ltr'>quinquennium</span> <span class='ocrx_word' id='word_1_177' title='bbox 696 1666 842 1706; x_wconf 87' lang='lat' dir='ltr'>introire,</span> <span class='ocrx_word' id='word_1_178' title='bbox 879 1666 908 1700; x_wconf 93' lang='lat' dir='ltr'>in</span> <span class='ocrx_word' id='word_1_179' title='bbox 932 1678 996 1714; x_wconf 91' lang='lat' dir='ltr'>quo</span> 
     </span>
     <span class='ocr_line' id='line_1_40' title="bbox 245 1715 993 1772; baseline -0.001 -22"><span class='ocrx_word' id='word_1_180' title='bbox 245 1728 306 1751; x_wconf 89' lang='lat' dir='ltr'>non</span> <span class='ocrx_word' id='word_1_181' title='bbox 329 1717 466 1772; x_wconf 80' lang='lat' dir='ltr'>amplius</span> <span class='ocrx_word' id='word_1_182' title='bbox 487 1729 581 1765; x_wconf 89' lang='lat' dir='ltr'>quam</span> <span class='ocrx_word' id='word_1_183' title='bbox 603 1715 710 1762; x_wconf 88' lang='lat' dir='ltr'>viginti</span> <span class='ocrx_word' id='word_1_184' title='bbox 734 1723 854 1762; x_wconf 86' lang='lat' dir='ltr'>septem</span> <span class='ocrx_word' id='word_1_185' title='bbox 877 1715 943 1750; x_wconf 90' lang='lat' dir='ltr'>dies</span> <span class='ocrx_word' id='word_1_186' title='bbox 957 1715 993 1749; x_wconf 85' lang='lat' dir='ltr'>ad</span> 
     </span>
     <span class='ocr_line' id='line_1_41' title="bbox 246 1745 995 1807; baseline -0.001 -8"><span class='ocrx_word' id='word_1_187' title='bbox 246 1765 452 1802; x_wconf 86' lang='lat' dir='ltr'>visitationem</span> <span class='ocrx_word' id='word_1_188' title='bbox 491 1767 626 1801; x_wconf 89' lang='lat' dir='ltr'>habeant</span> <span class='ocrx_word' id='word_1_189' title='bbox 634 1745 887 1807; x_wconf 71' lang='lat' dir='ltr'>0exercendam,</span> <span class='ocrx_word' id='word_1_190' title='bbox 925 1764 995 1799; x_wconf 87' lang='lat' dir='ltr'>licet</span> 
     </span>
     <span class='ocr_line' id='line_1_42' title="bbox 245 1813 994 1869; baseline -0.001 -21"><span class='ocrx_word' id='word_1_191' title='bbox 245 1814 327 1849; x_wconf 80' lang='lat' dir='ltr'>forte</span> <span class='ocrx_word' id='word_1_192' title='bbox 358 1816 398 1851; x_wconf 92' lang='lat' dir='ltr'>de</span> <span class='ocrx_word' id='word_1_193' title='bbox 425 1815 531 1861; x_wconf 75' lang='lat' dir='ltr'>viginti</span> <span class='ocrx_word' id='word_1_194' title='bbox 562 1823 687 1869; x_wconf 85' lang='lat' dir='ltr'>septem</span> <span class='ocrx_word' id='word_1_195' title='bbox 724 1813 838 1848; x_wconf 88' lang='lat' dir='ltr'>diebus</span> <span class='ocrx_word' id='word_1_196' title='bbox 867 1825 994 1867; x_wconf 64' lang='lat' dir='ltr'>praece-</span> 
     </span>
     <span class='ocr_line' id='line_1_43' title="bbox 247 1862 993 1919; baseline -0.004 -21"><span class='ocrx_word' id='word_1_197' title='bbox 247 1863 350 1898; x_wconf 84' lang='lat' dir='ltr'>dentis</span> <span class='ocrx_word' id='word_1_198' title='bbox 370 1864 581 1919; x_wconf 79' lang='lat' dir='ltr'>quinquennii</span> <span class='ocrx_word' id='word_1_199' title='bbox 605 1863 700 1909; x_wconf 88' lang='lat' dir='ltr'>aliqui</span> <span class='ocrx_word' id='word_1_200' title='bbox 729 1862 934 1896; x_wconf 89' lang='lat' dir='ltr'>remanseriut</span> <span class='ocrx_word' id='word_1_201' title='bbox 956 1862 993 1896; x_wconf 90' lang='lat' dir='ltr'>ad</span> 
     </span>
     <span class='ocr_line' id='line_1_44' title="bbox 247 1911 994 1958; baseline 0 -14"><span class='ocrx_word' id='word_1_202' title='bbox 247 1912 433 1948; x_wconf 83' lang='lat' dir='ltr'>visitationis</span> <span class='ocrx_word' id='word_1_203' title='bbox 474 1912 611 1947; x_wconf 85' lang='lat' dir='ltr'>officium</span> <span class='ocrx_word' id='word_1_204' title='bbox 655 1911 895 1958; x_wconf 76' lang='lat' dir='ltr'>exequendum,</span> <span class='ocrx_word' id='word_1_205' title='bbox 936 1911 994 1945; x_wconf 88' lang='lat' dir='ltr'>nisi</span> 
     </span>
     <span class='ocr_line' id='line_1_45' title="bbox 248 1959 994 2009; baseline -0.004 -13"><span class='ocrx_word' id='word_1_206' title='bbox 248 1961 326 1996; x_wconf 88' lang='lat' dir='ltr'>adeo</span> <span class='ocrx_word' id='word_1_207' title='bbox 349 1974 404 2009; x_wconf 87' lang='lat' dir='ltr'>per</span> <span class='ocrx_word' id='word_1_208' title='bbox 424 1961 560 2009; x_wconf 82' lang='lat' dir='ltr'>aliquem</span> <span class='ocrx_word' id='word_1_209' title='bbox 584 1960 631 1996; x_wconf 91' lang='lat' dir='ltr'>vel</span> <span class='ocrx_word' id='word_1_210' title='bbox 655 1961 778 2006; x_wconf 87' lang='lat' dir='ltr'>aliquos</span> <span class='ocrx_word' id='word_1_211' title='bbox 799 1960 838 1994; x_wconf 89' lang='lat' dir='ltr'>de</span> <span class='ocrx_word' id='word_1_212' title='bbox 861 1959 994 2007; x_wconf 72' lang='lat' dir='ltr'>praefata</span> 
     </span>
     <span class='ocr_line' id='line_1_46' title="bbox 248 2008 993 2066; baseline -0.003 -22"><span class='ocrx_word' id='word_1_213' title='bbox 248 2011 405 2066; x_wconf 80' lang='lat' dir='ltr'>provincia</span> <span class='ocrx_word' id='word_1_214' title='bbox 433 2011 550 2046; x_wconf 84' lang='lat' dir='ltr'>fuerint</span> <span class='ocrx_word' id='word_1_215' title='bbox 583 2009 741 2056; x_wconf 86' lang='lat' dir='ltr'>impediti,</span> <span class='ocrx_word' id='word_1_216' title='bbox 773 2009 857 2055; x_wconf 93' lang='lat' dir='ltr'>quod</span> <span class='ocrx_word' id='word_1_217' title='bbox 881 2008 993 2043; x_wconf 85' lang='lat' dir='ltr'>dictam</span> 
     </span>
     <span class='ocr_line' id='line_1_47' title="bbox 249 2058 996 2115; baseline -0.001 -22"><span class='ocrx_word' id='word_1_218' title='bbox 249 2060 446 2115; x_wconf 87' lang='lat' dir='ltr'>provinciam</span> <span class='ocrx_word' id='word_1_219' title='bbox 463 2067 589 2100; x_wconf 84' lang='lat' dir='ltr'>exeant,</span> <span class='ocrx_word' id='word_1_220' title='bbox 611 2066 643 2094; x_wconf 88' lang='lat' dir='ltr'>et</span> <span class='ocrx_word' id='word_1_221' title='bbox 665 2070 726 2093; x_wconf 90' lang='lat' dir='ltr'>non</span> <span class='ocrx_word' id='word_1_222' title='bbox 746 2058 865 2104; x_wconf 87' lang='lat' dir='ltr'>possint</span> <span class='ocrx_word' id='word_1_223' title='bbox 886 2069 996 2092; x_wconf 83' lang='lat' dir='ltr'>omnes</span> 
     </span>
     <span class='ocr_line' id='line_1_48' title="bbox 250 2107 995 2161; baseline 0 -19"><span class='ocrx_word' id='word_1_224' title='bbox 250 2110 334 2155; x_wconf 88' lang='lat' dir='ltr'>ipsos</span> <span class='ocrx_word' id='word_1_225' title='bbox 355 2109 446 2144; x_wconf 90' lang='lat' dir='ltr'>dies</span> <span class='ocrx_word' id='word_1_226' title='bbox 439 2122 470 2144; x_wconf 87' lang='grc' dir='ltr'>ιιι</span> <span class='ocrx_word' id='word_1_227' title='bbox 493 2109 670 2144; x_wconf 87' lang='lat' dir='ltr'>visitatione</span> <span class='ocrx_word' id='word_1_228' title='bbox 695 2108 864 2154; x_wconf 89' lang='lat' dir='ltr'>complere</span> <span class='ocrx_word' id='word_1_229' title='bbox 887 2107 916 2140; x_wconf 91' lang='lat' dir='ltr'>in</span> <span class='ocrx_word' id='word_1_230' title='bbox 933 2119 995 2161; x_wconf 89' lang='lat' dir='ltr'>quo</span> 
     </span>
     <span class='ocr_line' id='line_1_49' title="bbox 249 2156 996 2204; baseline -0.005 -11"><span class='ocrx_word' id='word_1_231' title='bbox 249 2170 322 2193; x_wconf 83' lang='lat' dir='ltr'>casu</span> <span class='ocrx_word' id='word_1_232' title='bbox 349 2158 469 2193; x_wconf 86' lang='lat' dir='ltr'>licitum</span> <span class='ocrx_word' id='word_1_233' title='bbox 504 2158 545 2193; x_wconf 88' lang='lat' dir='ltr'>sit</span> <span class='ocrx_word' id='word_1_234' title='bbox 576 2158 663 2204; x_wconf 82' lang='lat' dir='ltr'>ipsiS,</span> <span class='ocrx_word' id='word_1_235' title='bbox 685 2164 756 2191; x_wconf 87' lang='lat' dir='ltr'>ante</span> <span class='ocrx_word' id='word_1_236' title='bbox 783 2156 866 2191; x_wconf 89' lang='lat' dir='ltr'>aliud</span> <span class='ocrx_word' id='word_1_237' title='bbox 901 2157 996 2203; x_wconf 92' lang='lat' dir='ltr'>quin-</span> 
     </span>
     <span class='ocr_line' id='line_1_50' title="bbox 248 2205 994 2254; baseline -0.005 -12"><span class='ocrx_word' id='word_1_238' title='bbox 248 2207 438 2254; x_wconf 75' lang='lat' dir='ltr'>quenulam,</span> <span class='ocrx_word' id='word_1_239' title='bbox 465 2207 502 2242; x_wconf 90' lang='lat' dir='ltr'>ad</span> <span class='ocrx_word' id='word_1_240' title='bbox 515 2206 658 2242; x_wconf 89' lang='lat' dir='ltr'>eamdem</span> <span class='ocrx_word' id='word_1_241' title='bbox 678 2206 779 2240; x_wconf 84' lang='lat' dir='ltr'>redite</span> <span class='ocrx_word' id='word_1_242' title='bbox 802 2205 994 2252; x_wconf 77' lang='lat' dir='ltr'>provinciam</span> 
     </span>
     <span class='ocr_line' id='line_1_51' title="bbox 249 2255 996 2303; baseline -0.004 -13"><span class='ocrx_word' id='word_1_243' title='bbox 249 2255 286 2290; x_wconf 86' lang='lat' dir='ltr'>ad</span> <span class='ocrx_word' id='word_1_244' title='bbox 312 2256 416 2291; x_wconf 90' lang='lat' dir='ltr'>solum</span> <span class='ocrx_word' id='word_1_245' title='bbox 444 2257 553 2302; x_wconf 76' lang='lat' dir='ltr'>viginti</span> <span class='ocrx_word' id='word_1_246' title='bbox 576 2263 697 2303; x_wconf 88' lang='lat' dir='ltr'>septem</span> <span class='ocrx_word' id='word_1_247' title='bbox 722 2255 845 2289; x_wconf 86' lang='lat' dir='ltr'>dierum</span> <span class='ocrx_word' id='word_1_248' title='bbox 868 2255 996 2289; x_wconf 86' lang='lat' dir='ltr'>residu-</span> 
     </span>
     <span class='ocr_line' id='line_1_52' title="bbox 251 2303 995 2361; baseline -0.004 -22"><span class='ocrx_word' id='word_1_249' title='bbox 251 2317 303 2340; x_wconf 86' lang='lat' dir='ltr'>um</span> <span class='ocrx_word' id='word_1_250' title='bbox 331 2305 625 2361; x_wconf 77' lang='lat' dir='ltr'>percomplendum</span> <span class='ocrx_word' id='word_1_251' title='bbox 648 2303 682 2338; x_wconf 93' lang='lat' dir='ltr'>ln</span> <span class='ocrx_word' id='word_1_252' title='bbox 705 2303 764 2339; x_wconf 89' lang='lat' dir='ltr'>hac</span> <span class='ocrx_word' id='word_1_253' title='bbox 787 2316 914 2351; x_wconf 92' lang='lat' dir='ltr'>quoque</span> <span class='ocrx_word' id='word_1_254' title='bbox 941 2316 995 2337; x_wconf 85' lang='lat' dir='ltr'>sua</span> 
     </span>
     <span class='ocr_line' id='line_1_53' title="bbox 252 2353 997 2402; baseline -0.004 -14"><span class='ocrx_word' id='word_1_255' title='bbox 252 2354 428 2390; x_wconf 83' lang='lat' dir='ltr'>visitatione</span> <span class='ocrx_word' id='word_1_256' title='bbox 455 2355 517 2395; x_wconf 87' lang='lat' dir='ltr'>illa,</span> <span class='ocrx_word' id='word_1_257' title='bbox 540 2366 620 2402; x_wconf 87' lang='lat' dir='ltr'>quae</span> <span class='ocrx_word' id='word_1_258' title='bbox 646 2353 829 2400; x_wconf 89' lang='lat' dir='ltr'>corrigenda</span> <span class='ocrx_word' id='word_1_259' title='bbox 849 2364 997 2388; x_wconf 67' lang='lat' dir='ltr'>occurre-</span> 
     </span>
     <span class='ocr_line' id='line_1_54' title="bbox 252 2401 998 2450; baseline -0.001 -13"><span class='ocrx_word' id='word_1_260' title='bbox 252 2403 323 2445; x_wconf 89' lang='lat' dir='ltr'>rint,</span> <span class='ocrx_word' id='word_1_261' title='bbox 345 2405 502 2450; x_wconf 82' lang='lat' dir='ltr'>corrigant</span> <span class='ocrx_word' id='word_1_262' title='bbox 528 2412 559 2439; x_wconf 91' lang='lat' dir='ltr'>et</span> <span class='ocrx_word' id='word_1_263' title='bbox 579 2403 749 2438; x_wconf 77' lang='lat' dir='ltr'>reforment</span> <span class='ocrx_word' id='word_1_264' title='bbox 770 2401 809 2437; x_wconf 89' lang='lat' dir='ltr'>de</span> <span class='ocrx_word' id='word_1_265' title='bbox 828 2402 920 2449; x_wconf 88' lang='lat' dir='ltr'>plano</span> <span class='ocrx_word' id='word_1_266' title='bbox 942 2413 998 2447; x_wconf 86' lang='lat' dir='ltr'>per</span> 
     </span>
     <span class='ocr_line' id='line_1_55' title="bbox 251 2451 997 2498; baseline -0.004 -11"><span class='ocrx_word' id='word_1_267' title='bbox 251 2453 396 2489; x_wconf 86' lang='lat' dir='ltr'>salutaria</span> <span class='ocrx_word' id='word_1_268' title='bbox 410 2454 528 2489; x_wconf 88' lang='lat' dir='ltr'>monita</span> <span class='ocrx_word' id='word_1_269' title='bbox 552 2461 581 2488; x_wconf 92' lang='lat' dir='ltr'>et</span> <span class='ocrx_word' id='word_1_270' title='bbox 603 2451 848 2491; x_wconf 82' lang='lat' dir='ltr'>exhortationes,</span> <span class='ocrx_word' id='word_1_271' title='bbox 870 2463 905 2486; x_wconf 90' lang='lat' dir='ltr'>ac</span> <span class='ocrx_word' id='word_1_272' title='bbox 928 2463 997 2498; x_wconf 88' lang='lat' dir='ltr'>per-</span> 
     </span>
     <span class='ocr_line' id='line_1_56' title="bbox 252 2500 998 2541; baseline -0.003 -5"><span class='ocrx_word' id='word_1_273' title='bbox 252 2503 415 2538; x_wconf 84' lang='lat' dir='ltr'>suasiones</span> <span class='ocrx_word' id='word_1_274' title='bbox 441 2510 591 2541; x_wconf 83' lang='lat' dir='ltr'>attentas,</span> <span class='ocrx_word' id='word_1_275' title='bbox 618 2501 847 2536; x_wconf 87' lang='lat' dir='ltr'>districtionem</span> <span class='ocrx_word' id='word_1_276' title='bbox 880 2500 910 2535; x_wconf 89' lang='lat' dir='ltr'>in</span> <span class='ocrx_word' id='word_1_277' title='bbox 939 2501 998 2534; x_wconf 91' lang='lat' dir='ltr'>hoc</span> 
     </span>
     <span class='ocr_line' id='line_1_57' title="bbox 252 2548 998 2597; baseline -0.005 -11"><span class='ocrx_word' id='word_1_278' title='bbox 252 2551 480 2588; x_wconf 83' lang='lat' dir='ltr'>ecclesiasticae</span> <span class='ocrx_word' id='word_1_279' title='bbox 501 2562 652 2587; x_wconf 86' lang='lat' dir='ltr'>censurae</span> <span class='ocrx_word' id='word_1_280' title='bbox 674 2561 730 2597; x_wconf 87' lang='lat' dir='ltr'>per</span> <span class='ocrx_word' id='word_1_281' title='bbox 746 2561 781 2584; x_wconf 90' lang='lat' dir='ltr'>se</span> <span class='ocrx_word' id='word_1_282' title='bbox 798 2548 926 2584; x_wconf 87' lang='lat' dir='ltr'>minime</span> <span class='ocrx_word' id='word_1_283' title='bbox 943 2548 998 2583; x_wconf 89' lang='lat' dir='ltr'>ad-</span> 
     </span>
     <span class='ocr_line' id='line_1_58' title="bbox 254 2597 995 2645; baseline -0.004 -11"><span class='ocrx_word' id='word_1_284' title='bbox 254 2599 400 2636; x_wconf 86' lang='lat' dir='ltr'>hibendo.</span> <span class='ocrx_word' id='word_1_285' title='bbox 422 2600 512 2643; x_wconf 86' lang='lat' dir='ltr'>Quae</span> <span class='ocrx_word' id='word_1_286' title='bbox 535 2612 607 2636; x_wconf 90' lang='lat' dir='ltr'>vero</span> <span class='ocrx_word' id='word_1_287' title='bbox 628 2600 672 2634; x_wconf 89' lang='lat' dir='ltr'>sic</span> <span class='ocrx_word' id='word_1_288' title='bbox 706 2599 744 2633; x_wconf 91' lang='lat' dir='ltr'>de</span> <span class='ocrx_word' id='word_1_289' title='bbox 767 2597 858 2645; x_wconf 87' lang='lat' dir='ltr'>plano</span> <span class='ocrx_word' id='word_1_290' title='bbox 884 2598 995 2644; x_wconf 81' lang='lat' dir='ltr'>corrigi</span> 
     </span>
     <span class='ocr_line' id='line_1_59' title="bbox 254 2647 1000 2696; baseline -0.003 -13"><span class='ocrx_word' id='word_1_291' title='bbox 254 2650 300 2684; x_wconf 79' lang='lat' dir='ltr'>vel</span> <span class='ocrx_word' id='word_1_292' title='bbox 327 2651 486 2686; x_wconf 88' lang='lat' dir='ltr'>emendari</span> <span class='ocrx_word' id='word_1_293' title='bbox 513 2662 575 2684; x_wconf 91' lang='lat' dir='ltr'>non</span> <span class='ocrx_word' id='word_1_294' title='bbox 605 2656 769 2696; x_wconf 87' lang='lat' dir='ltr'>poterunt,</span> <span class='ocrx_word' id='word_1_295' title='bbox 795 2647 849 2681; x_wconf 87' lang='lat' dir='ltr'>sed</span> <span class='ocrx_word' id='word_1_296' title='bbox 871 2647 1000 2682; x_wconf 87' lang='lat' dir='ltr'>alterius</span> 
     </span>
     <span class='ocr_line' id='line_1_60' title="bbox 331 2703 881 2736; baseline -0.007 0"><span class='ocrx_word' id='word_1_297' title='bbox 331 2706 407 2736; x_wconf 81' lang='lat' dir='ltr'>BuII.</span> <span class='ocrx_word' id='word_1_298' title='bbox 429 2707 506 2736; x_wconf 79' lang='lat' dir='ltr'>Rom.</span> <span class='ocrx_word' id='word_1_299' title='bbox 528 2706 583 2736; x_wconf 73' lang='lat' dir='ltr'>t‘ol.</span> <span class='ocrx_word' id='word_1_300' title='bbox 603 2705 654 2734; x_wconf 89' lang='lat' dir='ltr'><em>III.</em></span> <span class='ocrx_word' id='word_1_301' title='bbox 846 2703 881 2732; x_wconf 73' lang='lat'>79</span> 
     </span>
    </p>
   </div>
   <div class='ocr_carea' id='block_1_6' title="bbox 1036 279 1793 2695">
    <p class='ocr_par' dir='ltr' id='par_1_6' title="bbox 1673 279 1742 310">
     <span class='ocr_line' id='line_1_61' title="bbox 1673 279 1742 310; baseline 0.043 -3"><span class='ocrx_word' id='word_1_302' title='bbox 1673 279 1742 310; x_wconf 68' lang='lat'>6:25</span> 
     </span>
    </p>

    <p class='ocr_par' dir='ltr' id='par_1_7' title="bbox 1036 339 1793 2695">
     <span class='ocr_line' id='line_1_62' title="bbox 1045 339 1793 389; baseline 0.008 -17"><span class='ocrx_word' id='word_1_303' title='bbox 1045 339 1273 375; x_wconf 89' lang='lat' dir='ltr'>iurisdictionis</span> <span class='ocrx_word' id='word_1_304' title='bbox 1291 340 1337 375; x_wconf 86' lang='lat' dir='ltr'>vel</span> <span class='ocrx_word' id='word_1_305' title='bbox 1361 352 1527 381; x_wconf 86' lang='lat' dir='ltr'>censurae</span> <span class='ocrx_word' id='word_1_306' title='bbox 1556 353 1610 377; x_wconf 90' lang='lat' dir='ltr'>seu</span> <span class='ocrx_word' id='word_1_307' title='bbox 1630 344 1793 389; x_wconf 84' lang='lat' dir='ltr'>potestatis</span> 
     </span>
     <span class='ocr_line' id='line_1_63' title="bbox 1043 389 1791 445; baseline 0.001 -22"><span class='ocrx_word' id='word_1_308' title='bbox 1043 389 1286 445; x_wconf 79' lang='lat' dir='ltr'>exequutionem</span> <span class='ocrx_word' id='word_1_309' title='bbox 1314 392 1486 436; x_wconf 80' lang='lat' dir='ltr'>exegerint,</span> <span class='ocrx_word' id='word_1_310' title='bbox 1514 391 1710 426; x_wconf 84' lang='lat' dir='ltr'>dioecesanis</span> <span class='ocrx_word' id='word_1_311' title='bbox 1737 393 1791 426; x_wconf 78' lang='lat' dir='ltr'>d«-</span> 
     </span>
     <span class='ocr_line' id='line_1_64' title="bbox 1043 438 1791 487; baseline 0.005 -15"><span class='ocrx_word' id='word_1_312' title='bbox 1043 438 1193 473; x_wconf 87' lang='lat' dir='ltr'>nuncient</span> <span class='ocrx_word' id='word_1_313' title='bbox 1216 439 1384 487; x_wconf 81' lang='lat' dir='ltr'>episeopis</span> <span class='ocrx_word' id='word_1_314' title='bbox 1422 440 1563 477; x_wconf 78' lang='lat' dir='ltr'>videlicet</span> <span class='ocrx_word' id='word_1_315' title='bbox 1593 441 1644 487; x_wconf 90' lang='lat' dir='ltr'>qui</span> <span class='ocrx_word' id='word_1_316' title='bbox 1673 441 1702 475; x_wconf 87' lang='lat' dir='ltr'>in</span> <span class='ocrx_word' id='word_1_317' title='bbox 1724 442 1791 476; x_wconf 87' lang='lat' dir='ltr'>suis</span> 
     </span>
     <span class='ocr_line' id='line_1_65' title="bbox 1042 486 1791 536; baseline 0.005 -15"><span class='ocrx_word' id='word_1_318' title='bbox 1042 486 1252 528; x_wconf 84' lang='lat' dir='ltr'>dioecesibus;</span> <span class='ocrx_word' id='word_1_319' title='bbox 1279 496 1307 522; x_wconf 90' lang='lat' dir='ltr'>et</span> <span class='ocrx_word' id='word_1_320' title='bbox 1331 488 1446 522; x_wconf 73' lang='lat' dir='ltr'>deinde</span> <span class='ocrx_word' id='word_1_321' title='bbox 1474 490 1498 524; x_wconf 87' lang='lat' dir='ltr'>si</span> <span class='ocrx_word' id='word_1_322' title='bbox 1523 490 1718 536; x_wconf 80' lang='lat' dir='ltr'>negligentes</span> <span class='ocrx_word' id='word_1_323' title='bbox 1740 503 1791 525; x_wconf 82' lang='lat' dir='ltr'>ex-</span> 
     </span>
     <span class='ocr_line' id='line_1_66' title="bbox 1043 536 1791 585; baseline 0.005 -15"><span class='ocrx_word' id='word_1_324' title='bbox 1043 536 1159 571; x_wconf 82' lang='lat' dir='ltr'>titerint</span> <span class='ocrx_word' id='word_1_325' title='bbox 1182 537 1212 571; x_wconf 90' lang='lat' dir='ltr'>in</span> <span class='ocrx_word' id='word_1_326' title='bbox 1229 537 1288 572; x_wconf 87' lang='lat' dir='ltr'>hoc</span> <span class='ocrx_word' id='word_1_327' title='bbox 1315 539 1550 585; x_wconf 71' lang='lat' dir='ltr'>archiepiscopo</span> <span class='ocrx_word' id='word_1_328' title='bbox 1574 538 1741 581; x_wconf 46' lang='lat' dir='ltr'>Tuamenq</span> <span class='ocrx_word' id='word_1_329' title='bbox 1759 548 1791 574; x_wconf 88' lang='lat' dir='ltr'>et</span> 
     </span>
     <span class='ocr_line' id='line_1_67' title="bbox 1041 586 1789 635; baseline 0.005 -15"><span class='ocrx_word' id='word_1_330' title='bbox 1041 598 1122 633; x_wconf 85' lang='lat' dir='ltr'>quae</span> <span class='ocrx_word' id='word_1_331' title='bbox 1162 586 1192 621; x_wconf 94' lang='lat' dir='ltr'>in</span> <span class='ocrx_word' id='word_1_332' title='bbox 1227 587 1302 633; x_wconf 87' lang='lat' dir='ltr'>ipsis</span> <span class='ocrx_word' id='word_1_333' title='bbox 1335 588 1494 635; x_wconf 90' lang='lat' dir='ltr'>episcopis</span> <span class='ocrx_word' id='word_1_334' title='bbox 1527 597 1555 622; x_wconf 91' lang='lat' dir='ltr'>et</span> <span class='ocrx_word' id='word_1_335' title='bbox 1589 588 1618 622; x_wconf 87' lang='lat' dir='ltr'>in</span> <span class='ocrx_word' id='word_1_336' title='bbox 1646 589 1789 624; x_wconf 83' lang='lat' dir='ltr'>eiusdem</span> 
     </span>
     <span class='ocr_line' id='line_1_68' title="bbox 1041 635 1791 692; baseline 0.004 -23"><span class='ocrx_word' id='word_1_337' title='bbox 1041 635 1268 682; x_wconf 83' lang='lat' dir='ltr'>archiepiscopi</span> <span class='ocrx_word' id='word_1_338' title='bbox 1302 636 1451 692; x_wconf 78' lang='lat' dir='ltr'>dioecesi,</span> <span class='ocrx_word' id='word_1_339' title='bbox 1490 637 1592 671; x_wconf 86' lang='lat' dir='ltr'>eidem</span> <span class='ocrx_word' id='word_1_340' title='bbox 1633 638 1791 684; x_wconf 85' lang='lat' dir='ltr'>archiepi-</span> 
     </span>
     <span class='ocr_line' id='line_1_69' title="bbox 1041 686 1789 739; baseline 0.007 -21"><span class='ocrx_word' id='word_1_341' title='bbox 1041 696 1157 739; x_wconf 78' lang='lat' dir='ltr'>seopo;</span> <span class='ocrx_word' id='word_1_342' title='bbox 1185 693 1214 719; x_wconf 92' lang='lat' dir='ltr'>et</span> <span class='ocrx_word' id='word_1_343' title='bbox 1241 697 1322 732; x_wconf 89' lang='lat' dir='ltr'>quae</span> <span class='ocrx_word' id='word_1_344' title='bbox 1350 686 1379 720; x_wconf 93' lang='lat' dir='ltr'>in</span> <span class='ocrx_word' id='word_1_345' title='bbox 1407 686 1517 720; x_wconf 84' lang='lat' dir='ltr'>eodem</span> <span class='ocrx_word' id='word_1_346' title='bbox 1552 687 1789 734; x_wconf 79' lang='lat' dir='ltr'>archiepiscopo</span> 
     </span>
     <span class='ocr_line' id='line_1_70' title="bbox 1041 734 1787 792; baseline 0.004 -24"><span class='ocrx_word' id='word_1_347' title='bbox 1041 746 1087 768; x_wconf 76' lang='lat' dir='ltr'>sic</span> <span class='ocrx_word' id='word_1_348' title='bbox 1111 734 1294 792; x_wconf 58' lang='lat' dir='ltr'>corrigenda</span> <span class='ocrx_word' id='word_1_349' title='bbox 1322 734 1436 770; x_wconf 84' lang='lat' dir='ltr'>fuerint</span> <span class='ocrx_word' id='word_1_350' title='bbox 1470 744 1500 769; x_wconf 90' lang='lat' dir='ltr'>et</span> <span class='ocrx_word' id='word_1_351' title='bbox 1531 736 1560 769; x_wconf 88' lang='lat' dir='ltr'>iu</span> <span class='ocrx_word' id='word_1_352' title='bbox 1591 735 1660 770; x_wconf 86' lang='lat' dir='ltr'>aliis</span> <span class='ocrx_word' id='word_1_353' title='bbox 1695 737 1787 771; x_wconf 79' lang='lat' dir='ltr'>etiarn</span> 
     </span>
     <span class='ocr_line' id='line_1_71' title="bbox 1040 783 1790 832; baseline 0.005 -15"><span class='ocrx_word' id='word_1_354' title='bbox 1040 783 1194 818; x_wconf 77' lang='lat' dir='ltr'>eiusdem</span> <span class='ocrx_word' id='word_1_355' title='bbox 1210 784 1398 830; x_wconf 76' lang='lat' dir='ltr'>provinciae,</span> <span class='ocrx_word' id='word_1_356' title='bbox 1423 785 1448 819; x_wconf 90' lang='lat' dir='ltr'>si</span> <span class='ocrx_word' id='word_1_357' title='bbox 1479 796 1534 831; x_wconf 89' lang='lat' dir='ltr'>per</span> <span class='ocrx_word' id='word_1_358' title='bbox 1560 796 1668 819; x_wconf 86' lang='lat' dir='ltr'>eorum</span> <span class='ocrx_word' id='word_1_359' title='bbox 1691 797 1790 832; x_wconf 88' lang='lat' dir='ltr'>supe-</span> 
     </span>
     <span class='ocr_line' id='line_1_72' title="bbox 1040 832 1788 880; baseline 0.004 -14"><span class='ocrx_word' id='word_1_360' title='bbox 1040 832 1152 873; x_wconf 86' lang='lat' dir='ltr'>riores,</span> <span class='ocrx_word' id='word_1_361' title='bbox 1180 843 1248 879; x_wconf 89' lang='lat' dir='ltr'>post</span> <span class='ocrx_word' id='word_1_362' title='bbox 1262 833 1373 867; x_wconf 77' lang='lat' dir='ltr'>factam</span> <span class='ocrx_word' id='word_1_363' title='bbox 1404 833 1480 880; x_wconf 89' lang='lat' dir='ltr'>ipsis</span> <span class='ocrx_word' id='word_1_364' title='bbox 1498 832 1788 876; x_wconf 85' lang='lat' dir='ltr'>denunciationem,</span> 
     </span>
     <span class='ocr_line' id='line_1_73' title="bbox 1040 879 1789 927; baseline 0.004 -12"><span class='ocrx_word' id='word_1_365' title='bbox 1040 881 1088 916; x_wconf 90' lang='lat' dir='ltr'>illa</span> <span class='ocrx_word' id='word_1_366' title='bbox 1105 890 1243 917; x_wconf 89' lang='lat' dir='ltr'>correcta</span> <span class='ocrx_word' id='word_1_367' title='bbox 1260 894 1320 916; x_wconf 93' lang='lat' dir='ltr'>non</span> <span class='ocrx_word' id='word_1_368' title='bbox 1333 882 1460 922; x_wconf 86' lang='lat' dir='ltr'>fuerint,</span> <span class='ocrx_word' id='word_1_369' title='bbox 1478 881 1621 917; x_wconf 86' lang='lat' dir='ltr'>Romano</span> <span class='ocrx_word' id='word_1_370' title='bbox 1632 879 1789 927; x_wconf 80' lang='lat' dir='ltr'>Pontifici,</span> 
     </span>
     <span class='ocr_line' id='line_1_74' title="bbox 1041 932 1787 978; baseline 0.001 -13"><span class='ocrx_word' id='word_1_371' title='bbox 1041 937 1074 965; x_wconf 89' lang='lat' dir='ltr'>ut</span> <span class='ocrx_word' id='word_1_372' title='bbox 1097 943 1150 976; x_wconf 91' lang='lat' dir='ltr'>per</span> <span class='ocrx_word' id='word_1_373' title='bbox 1171 942 1262 975; x_wconf 80' lang='lat' dir='ltr'>eum,</span> <span class='ocrx_word' id='word_1_374' title='bbox 1289 932 1369 966; x_wconf 90' lang='lat' dir='ltr'>sicut</span> <span class='ocrx_word' id='word_1_375' title='bbox 1395 932 1553 975; x_wconf 74' lang='lat' dir='ltr'>convenit,</span> <span class='ocrx_word' id='word_1_376' title='bbox 1580 932 1787 978; x_wconf 83' lang='lat' dir='ltr'>corrigantur.</span> 
     </span>
     <span class='ocr_line' id='line_1_75' title="bbox 1039 958 1789 1036; baseline 0.004 -23"><span class='ocrx_word' id='word_1_377' title='bbox 1039 978 1100 1014; x_wconf 89' lang='lat' dir='ltr'>Per</span> <span class='ocrx_word' id='word_1_378' title='bbox 1124 981 1300 1027; x_wconf 72' lang='lat' dir='ltr'>praedictos</span> <span class='ocrx_word' id='word_1_379' title='bbox 1322 989 1425 1015; x_wconf 84' lang='lat' dir='ltr'>autern</span> <span class='ocrx_word' id='word_1_380' title='bbox 1449 958 1555 1026; x_wconf 81' lang='lat' dir='ltr'>viginti</span> <span class='ocrx_word' id='word_1_381' title='bbox 1577 989 1697 1036; x_wconf 80' lang='lat' dir='ltr'>septem</span> <span class='ocrx_word' id='word_1_382' title='bbox 1721 981 1789 1017; x_wconf 92' lang='lat' dir='ltr'>dies</span> 
     </span>
     <span class='ocr_line' id='line_1_76' title="bbox 1039 1028 1788 1075; baseline 0.004 -13"><span class='ocrx_word' id='word_1_383' title='bbox 1039 1028 1168 1064; x_wconf 90' lang='lat' dir='ltr'>totidem</span> <span class='ocrx_word' id='word_1_384' title='bbox 1193 1029 1353 1064; x_wconf 82' lang='lat' dir='ltr'>dumtaxat</span> <span class='ocrx_word' id='word_1_385' title='bbox 1388 1030 1625 1075; x_wconf 81' lang='lat' dir='ltr'>procurationes</span> <span class='ocrx_word' id='word_1_386' title='bbox 1649 1030 1677 1064; x_wconf 90' lang='lat' dir='ltr'>in</span> <span class='ocrx_word' id='word_1_387' title='bbox 1712 1030 1788 1065; x_wconf 87' lang='lat' dir='ltr'>locis</span> 
     </span>
     <span class='ocr_line' id='line_1_77' title="bbox 1039 1078 1789 1124; baseline 0.003 -13"><span class='ocrx_word' id='word_1_388' title='bbox 1039 1078 1189 1124; x_wconf 84' lang='lat' dir='ltr'>recipiant</span> <span class='ocrx_word' id='word_1_389' title='bbox 1218 1079 1357 1113; x_wconf 73' lang='lat' dir='ltr'>visitatis</span> <span class='ocrx_word' id='word_1_390' title='bbox 1386 1078 1433 1112; x_wconf 73' lang='lat' dir='ltr'>Ad</span> <span class='ocrx_word' id='word_1_391' title='bbox 1461 1091 1592 1124; x_wconf 88' lang='lat' dir='ltr'>quarum</span> <span class='ocrx_word' id='word_1_392' title='bbox 1620 1079 1789 1113; x_wconf 83' lang='lat' dir='ltr'>exhibitio-</span> 
     </span>
     <span class='ocr_line' id='line_1_78' title="bbox 1039 1127 1788 1175; baseline 0 -14"><span class='ocrx_word' id='word_1_393' title='bbox 1039 1139 1110 1161; x_wconf 84' lang='lat' dir='ltr'>nem</span> <span class='ocrx_word' id='word_1_394' title='bbox 1137 1135 1198 1162; x_wconf 85' lang='lat' dir='ltr'>tota</span> <span class='ocrx_word' id='word_1_395' title='bbox 1227 1128 1291 1173; x_wconf 90' lang='lat' dir='ltr'>ipsa</span> <span class='ocrx_word' id='word_1_396' title='bbox 1320 1127 1477 1175; x_wconf 78' lang='lat' dir='ltr'>provincia</span> <span class='ocrx_word' id='word_1_397' title='bbox 1514 1135 1669 1168; x_wconf 78' lang='lat' dir='ltr'>teneatur,</span> <span class='ocrx_word' id='word_1_398' title='bbox 1705 1137 1788 1162; x_wconf 91' lang='lat' dir='ltr'>utet</span> 
     </span>
     <span class='ocr_line' id='line_1_79' title="bbox 1038 1176 1790 1231; baseline 0.004 -23"><span class='ocrx_word' id='word_1_399' title='bbox 1038 1176 1305 1223; x_wconf 71' lang='lat' dir='ltr'>auhiepiscopus,</span> <span class='ocrx_word' id='word_1_400' title='bbox 1326 1186 1355 1210; x_wconf 91' lang='lat' dir='ltr'>et</span> <span class='ocrx_word' id='word_1_401' title='bbox 1377 1177 1526 1231; x_wconf 83' lang='lat' dir='ltr'>episcopi</span> <span class='ocrx_word' id='word_1_402' title='bbox 1549 1184 1698 1211; x_wconf 89' lang='lat' dir='ltr'>eteorum</span> <span class='ocrx_word' id='word_1_403' title='bbox 1719 1177 1790 1211; x_wconf 88' lang='lat' dir='ltr'>sub-</span> 
     </span>
     <span class='ocr_line' id='line_1_80' title="bbox 1039 1224 1788 1273; baseline 0.003 -15"><span class='ocrx_word' id='word_1_404' title='bbox 1039 1224 1094 1258; x_wconf 80' lang='lat' dir='ltr'>diti</span> <span class='ocrx_word' id='word_1_405' title='bbox 1129 1226 1271 1261; x_wconf 88' lang='lat' dir='ltr'>eiusdem</span> <span class='ocrx_word' id='word_1_406' title='bbox 1301 1226 1479 1273; x_wconf 79' lang='lat' dir='ltr'>provinciae</span> <span class='ocrx_word' id='word_1_407' title='bbox 1515 1226 1727 1260; x_wconf 90' lang='lat' dir='ltr'>communiter</span> <span class='ocrx_word' id='word_1_408' title='bbox 1757 1227 1788 1260; x_wconf 89' lang='lat' dir='ltr'>in</span> 
     </span>
     <span class='ocr_line' id='line_1_81' title="bbox 1039 1273 1789 1321; baseline 0.004 -14"><span class='ocrx_word' id='word_1_409' title='bbox 1039 1273 1086 1308; x_wconf 88' lang='lat' dir='ltr'>his</span> <span class='ocrx_word' id='word_1_410' title='bbox 1113 1275 1312 1310; x_wconf 87' lang='lat' dir='ltr'>contribuant</span> <span class='ocrx_word' id='word_1_411' title='bbox 1345 1287 1380 1309; x_wconf 88' lang='lat' dir='ltr'>ac</span> <span class='ocrx_word' id='word_1_412' title='bbox 1416 1274 1615 1321; x_wconf 86' lang='lat' dir='ltr'>provideant,</span> <span class='ocrx_word' id='word_1_413' title='bbox 1650 1282 1789 1311; x_wconf 88' lang='lat' dir='ltr'>statuant</span> 
     </span>
     <span class='ocr_line' id='line_1_82' title="bbox 1038 1323 1787 1371; baseline 0.003 -13"><span class='ocrx_word' id='word_1_414' title='bbox 1038 1331 1067 1358; x_wconf 91' lang='lat' dir='ltr'>et</span> <span class='ocrx_word' id='word_1_415' title='bbox 1105 1323 1251 1359; x_wconf 88' lang='lat' dir='ltr'>ordinent</span> <span class='ocrx_word' id='word_1_416' title='bbox 1294 1324 1378 1371; x_wconf 90' lang='lat' dir='ltr'>quod</span> <span class='ocrx_word' id='word_1_417' title='bbox 1406 1324 1523 1358; x_wconf 87' lang='lat' dir='ltr'>eaedem</span> <span class='ocrx_word' id='word_1_418' title='bbox 1552 1325 1787 1369; x_wconf 82' lang='lat' dir='ltr'>procurationes</span> 
     </span>
     <span class='ocr_line' id='line_1_83' title="bbox 1037 1372 1790 1427; baseline 0.001 -21"><span class='ocrx_word' id='word_1_419' title='bbox 1037 1372 1106 1407; x_wconf 89' lang='lat' dir='ltr'>sine</span> <span class='ocrx_word' id='word_1_420' title='bbox 1133 1372 1312 1407; x_wconf 83' lang='lat' dir='ltr'>difficultate</span> <span class='ocrx_word' id='word_1_421' title='bbox 1343 1373 1477 1420; x_wconf 86' lang='lat' dir='ltr'>qualibet</span> <span class='ocrx_word' id='word_1_422' title='bbox 1517 1373 1636 1427; x_wconf 83' lang='lat' dir='ltr'>integre</span> <span class='ocrx_word' id='word_1_423' title='bbox 1671 1373 1790 1420; x_wconf 88' lang='lat' dir='ltr'>persol-</span> 
     </span>
     <span class='ocr_line' id='line_1_84' title="bbox 1037 1421 1788 1469; baseline 0 -14"><span class='ocrx_word' id='word_1_424' title='bbox 1037 1429 1160 1456; x_wconf 80' lang='lat' dir='ltr'>vantur.</span> <span class='ocrx_word' id='word_1_425' title='bbox 1189 1421 1231 1456; x_wconf 87' lang='lat' dir='ltr'>Ita</span> <span class='ocrx_word' id='word_1_426' title='bbox 1261 1422 1344 1468; x_wconf 89' lang='lat' dir='ltr'>quod</span> <span class='ocrx_word' id='word_1_427' title='bbox 1373 1434 1403 1455; x_wconf 89' lang='grc' dir='ltr'>ιιι</span> <span class='ocrx_word' id='word_1_428' title='bbox 1433 1421 1516 1456; x_wconf 91' lang='lat' dir='ltr'>nulla</span> <span class='ocrx_word' id='word_1_429' title='bbox 1553 1422 1690 1469; x_wconf 87' lang='lat' dir='ltr'>ipsarum</span> <span class='ocrx_word' id='word_1_430' title='bbox 1715 1435 1788 1468; x_wconf 85' lang='lat' dir='ltr'>pro-</span> 
     </span>
     <span class='ocr_line' id='line_1_85' title="bbox 1037 1470 1785 1518; baseline 0.001 -14"><span class='ocrx_word' id='word_1_431' title='bbox 1037 1471 1235 1506; x_wconf 87' lang='lat' dir='ltr'>curationum</span> <span class='ocrx_word' id='word_1_432' title='bbox 1271 1478 1418 1518; x_wconf 82' lang='lat' dir='ltr'>sumptus</span> <span class='ocrx_word' id='word_1_433' title='bbox 1447 1470 1493 1505; x_wconf 78' lang='lat' dir='ltr'>tel</span> <span class='ocrx_word' id='word_1_434' title='bbox 1522 1482 1700 1518; x_wconf 83' lang='lat' dir='ltr'>expensae,</span> <span class='ocrx_word' id='word_1_435' title='bbox 1732 1472 1785 1518; x_wconf 87' lang='lat' dir='ltr'>qui</span> 
     </span>
     <span class='ocr_line' id='line_1_86' title="bbox 1039 1519 1786 1566; baseline 0 -12"><span class='ocrx_word' id='word_1_436' title='bbox 1039 1529 1164 1566; x_wconf 87' lang='lat' dir='ltr'>propter</span> <span class='ocrx_word' id='word_1_437' title='bbox 1205 1520 1265 1554; x_wconf 91' lang='lat' dir='ltr'>hoc</span> <span class='ocrx_word' id='word_1_438' title='bbox 1292 1519 1383 1564; x_wconf 82' lang='lat' dir='ltr'>fient,</span> <span class='ocrx_word' id='word_1_439' title='bbox 1418 1520 1551 1555; x_wconf 85' lang='lat' dir='ltr'>duarum</span> <span class='ocrx_word' id='word_1_440' title='bbox 1590 1520 1786 1556; x_wconf 83' lang='lat' dir='ltr'>marcharum</span> 
     </span>
     <span class='ocr_line' id='line_1_87' title="bbox 1037 1569 1787 1615; baseline 0.003 -12"><span class='ocrx_word' id='word_1_441' title='bbox 1037 1569 1259 1615; x_wconf 83' lang='lat' dir='ltr'>sterlingorum</span> <span class='ocrx_word' id='word_1_442' title='bbox 1298 1581 1456 1604; x_wconf 87' lang='lat' dir='ltr'>summam</span> <span class='ocrx_word' id='word_1_443' title='bbox 1485 1569 1531 1603; x_wconf 92' lang='lat' dir='ltr'>vel</span> <span class='ocrx_word' id='word_1_444' title='bbox 1566 1570 1700 1605; x_wconf 80' lang='lat' dir='ltr'>valorem</span> <span class='ocrx_word' id='word_1_445' title='bbox 1727 1582 1787 1605; x_wconf 80' lang='lat' dir='ltr'>ex-</span> 
     </span>
     <span class='ocr_line' id='line_1_88' title="bbox 1036 1618 1786 1665; baseline 0.001 -13"><span class='ocrx_word' id='word_1_446' title='bbox 1036 1618 1167 1658; x_wconf 80' lang='lat' dir='ltr'>cedant;</span> <span class='ocrx_word' id='word_1_447' title='bbox 1208 1619 1336 1665; x_wconf 83' lang='lat' dir='ltr'>praefati</span> <span class='ocrx_word' id='word_1_448' title='bbox 1371 1630 1444 1652; x_wconf 84' lang='lat' dir='ltr'>vero</span> <span class='ocrx_word' id='word_1_449' title='bbox 1483 1618 1717 1659; x_wconf 80' lang='lat' dir='ltr'>Armachanus,</span> <span class='ocrx_word' id='word_1_450' title='bbox 1758 1629 1786 1653; x_wconf 88' lang='lat' dir='ltr'>et</span> 
     </span>
     <span class='ocr_line' id='line_1_89' title="bbox 1037 1667 1784 1714; baseline -0.001 -12"><span class='ocrx_word' id='word_1_451' title='bbox 1037 1667 1104 1702; x_wconf 88' lang='lat' dir='ltr'>eius</span> <span class='ocrx_word' id='word_1_452' title='bbox 1127 1680 1327 1703; x_wconf 72' lang='lat' dir='ltr'>successores</span> <span class='ocrx_word' id='word_1_453' title='bbox 1350 1668 1378 1701; x_wconf 85' lang='lat' dir='ltr'>in</span> <span class='ocrx_word' id='word_1_454' title='bbox 1399 1680 1468 1707; x_wconf 87' lang='lat' dir='ltr'>eos,</span> <span class='ocrx_word' id='word_1_455' title='bbox 1491 1669 1544 1714; x_wconf 90' lang='lat' dir='ltr'>qui</span> <span class='ocrx_word' id='word_1_456' title='bbox 1574 1668 1784 1702; x_wconf 83' lang='lat' dir='ltr'>visitationem</span> 
     </span>
     <span class='ocr_line' id='line_1_90' title="bbox 1038 1717 1787 1763; baseline 0.001 -13"><span class='ocrx_word' id='word_1_457' title='bbox 1038 1717 1270 1763; x_wconf 71' lang='lat' dir='ltr'>impediverint,</span> <span class='ocrx_word' id='word_1_458' title='bbox 1295 1717 1338 1751; x_wconf 82' lang='lat' dir='ltr'>vel</span> <span class='ocrx_word' id='word_1_459' title='bbox 1363 1718 1603 1763; x_wconf 79' lang='lat' dir='ltr'>procurationes</span> <span class='ocrx_word' id='word_1_460' title='bbox 1626 1717 1787 1763; x_wconf 89' lang='lat' dir='ltr'>praedicto</span> 
     </span>
     <span class='ocr_line' id='line_1_91' title="bbox 1037 1765 1789 1801; baseline 0.001 -2"><span class='ocrx_word' id='word_1_461' title='bbox 1037 1766 1130 1800; x_wconf 83' lang='lat' dir='ltr'>modo</span> <span class='ocrx_word' id='word_1_462' title='bbox 1153 1774 1269 1801; x_wconf 80' lang='lat' dir='ltr'>taxatas</span> <span class='ocrx_word' id='word_1_463' title='bbox 1290 1766 1334 1800; x_wconf 89' lang='lat' dir='ltr'>eis</span> <span class='ocrx_word' id='word_1_464' title='bbox 1357 1765 1556 1800; x_wconf 77' lang='lat' dir='ltr'>visitantibus</span> <span class='ocrx_word' id='word_1_465' title='bbox 1572 1765 1721 1800; x_wconf 83' lang='lat' dir='ltr'>exhibere</span> <span class='ocrx_word' id='word_1_466' title='bbox 1736 1766 1789 1800; x_wconf 85' lang='lat' dir='ltr'>de-</span> 
     </span>
     <span class='ocr_line' id='line_1_92' title="bbox 1037 1814 1786 1861; baseline 0 -13"><span class='ocrx_word' id='word_1_467' title='bbox 1037 1816 1234 1860; x_wconf 70' lang='lat' dir='ltr'>negaverint,</span> <span class='ocrx_word' id='word_1_468' title='bbox 1262 1815 1358 1848; x_wconf 90' lang='lat' dir='ltr'>libere</span> <span class='ocrx_word' id='word_1_469' title='bbox 1386 1816 1508 1861; x_wconf 89' lang='lat' dir='ltr'>possint</span> <span class='ocrx_word' id='word_1_470' title='bbox 1531 1815 1559 1848; x_wconf 89' lang='lat' dir='ltr'>in</span> <span class='ocrx_word' id='word_1_471' title='bbox 1583 1814 1716 1860; x_wconf 83' lang='lat' dir='ltr'>singulis</span> <span class='ocrx_word' id='word_1_472' title='bbox 1738 1815 1786 1848; x_wconf 91' lang='lat' dir='ltr'>vi-</span> 
     </span>
     <span class='ocr_line' id='line_1_93' title="bbox 1036 1863 1787 1910; baseline 0 -13"><span class='ocrx_word' id='word_1_473' title='bbox 1036 1863 1234 1898; x_wconf 70' lang='lat' dir='ltr'>sitationibus</span> <span class='ocrx_word' id='word_1_474' title='bbox 1254 1875 1309 1910; x_wconf 92' lang='lat' dir='ltr'>per</span> <span class='ocrx_word' id='word_1_475' title='bbox 1324 1864 1697 1903; x_wconf 84' lang='lat' dir='ltr'>excommunicationem,</span> <span class='ocrx_word' id='word_1_476' title='bbox 1720 1876 1787 1897; x_wconf 88' lang='lat' dir='ltr'>sus-</span> 
     </span>
     <span class='ocr_line' id='line_1_94' title="bbox 1037 1912 1788 1959; baseline 0 -14"><span class='ocrx_word' id='word_1_477' title='bbox 1037 1912 1221 1959; x_wconf 85' lang='lat' dir='ltr'>pensionem</span> <span class='ocrx_word' id='word_1_478' title='bbox 1250 1921 1279 1946; x_wconf 90' lang='lat' dir='ltr'>et</span> <span class='ocrx_word' id='word_1_479' title='bbox 1307 1913 1522 1957; x_wconf 86' lang='lat' dir='ltr'>interdictum,</span> <span class='ocrx_word' id='word_1_480' title='bbox 1547 1924 1710 1947; x_wconf 87' lang='lat' dir='ltr'>censuram</span> <span class='ocrx_word' id='word_1_481' title='bbox 1739 1925 1788 1946; x_wconf 87' lang='lat' dir='ltr'>ec-</span> 
     </span>
     <span class='ocr_line' id='line_1_95' title="bbox 1037 1961 1787 2007; baseline -0.003 -11"><span class='ocrx_word' id='word_1_482' title='bbox 1037 1961 1240 1996; x_wconf 81' lang='lat' dir='ltr'>clesiasticam</span> <span class='ocrx_word' id='word_1_483' title='bbox 1264 1974 1421 1996; x_wconf 81' lang='lat' dir='ltr'>exercere.</span> <span class='ocrx_word' id='word_1_484' title='bbox 1450 1961 1497 1996; x_wconf 81' lang='lat' dir='ltr'>Ad</span> <span class='ocrx_word' id='word_1_485' title='bbox 1522 1962 1597 1996; x_wconf 86' lang='lat' dir='ltr'>haec</span> <span class='ocrx_word' id='word_1_486' title='bbox 1624 1961 1787 2007; x_wconf 84' lang='lat' dir='ltr'>liceatepi-</span> 
     </span>
     <span class='ocr_line' id='line_1_96' title="bbox 1036 2010 1782 2065; baseline -0.003 -20"><span class='ocrx_word' id='word_1_487' title='bbox 1036 2012 1140 2065; x_wconf 81' lang='lat' dir='ltr'>scopis</span> <span class='ocrx_word' id='word_1_488' title='bbox 1158 2010 1361 2057; x_wconf 79' lang='lat' dir='ltr'>suffraganeis</span> <span class='ocrx_word' id='word_1_489' title='bbox 1381 2011 1610 2058; x_wconf 88' lang='lat' dir='ltr'>archiepiscopi</span> <span class='ocrx_word' id='word_1_490' title='bbox 1629 2010 1782 2045; x_wconf 27' lang='lat' dir='ltr'>Tuameui</span> 
     </span>
     <span class='ocr_line' id='line_1_97' title="bbox 1037 2059 1785 2107; baseline 0 -14"><span class='ocrx_word' id='word_1_491' title='bbox 1037 2060 1066 2093; x_wconf 93' lang='lat' dir='ltr'>in</span> <span class='ocrx_word' id='word_1_492' title='bbox 1090 2061 1211 2101; x_wconf 85' lang='lat' dir='ltr'>causis,</span> <span class='ocrx_word' id='word_1_493' title='bbox 1238 2072 1316 2106; x_wconf 91' lang='lat' dir='ltr'>quas</span> <span class='ocrx_word' id='word_1_494' title='bbox 1343 2060 1398 2107; x_wconf 89' lang='lat' dir='ltr'>ipsi</span> <span class='ocrx_word' id='word_1_495' title='bbox 1428 2059 1578 2094; x_wconf 89' lang='lat' dir='ltr'>adversus</span> <span class='ocrx_word' id='word_1_496' title='bbox 1599 2060 1694 2101; x_wconf 87' lang='lat' dir='ltr'>alios,</span> <span class='ocrx_word' id='word_1_497' title='bbox 1721 2059 1785 2094; x_wconf 75' lang='lat' dir='ltr'>sive</span> 
     </span>
     <span class='ocr_line' id='line_1_98' title="bbox 1037 2117 1783 2155; baseline -0.001 -12"><span class='ocrx_word' id='word_1_498' title='bbox 1037 2117 1195 2155; x_wconf 88' lang='lat' dir='ltr'>tamquam</span> <span class='ocrx_word' id='word_1_499' title='bbox 1223 2117 1362 2149; x_wconf 87' lang='lat' dir='ltr'>actores,</span> <span class='ocrx_word' id='word_1_500' title='bbox 1394 2121 1457 2144; x_wconf 79' lang='lat' dir='ltr'>sive</span> <span class='ocrx_word' id='word_1_501' title='bbox 1492 2117 1575 2143; x_wconf 82' lang='lat' dir='ltr'>sicut</span> <span class='ocrx_word' id='word_1_502' title='bbox 1610 2121 1651 2143; x_wconf 81' lang='lat' dir='ltr'>rei</span> <span class='ocrx_word' id='word_1_503' title='bbox 1679 2121 1783 2143; x_wconf 62' lang='lat' dir='ltr'>coram</span> 
     </span>
     <span class='ocr_line' id='line_1_99' title="bbox 1037 2157 1785 2204; baseline -0.003 -12"><span class='ocrx_word' id='word_1_504' title='bbox 1037 2158 1147 2192; x_wconf 86' lang='lat' dir='ltr'>eodem</span> <span class='ocrx_word' id='word_1_505' title='bbox 1180 2158 1417 2204; x_wconf 85' lang='lat' dir='ltr'>archiepiscopo</span> <span class='ocrx_word' id='word_1_506' title='bbox 1443 2157 1627 2197; x_wconf 77' lang='lat' dir='ltr'>habuerint.</span> <span class='ocrx_word' id='word_1_507' title='bbox 1655 2165 1686 2191; x_wconf 89' lang='lat' dir='ltr'>et</span> <span class='ocrx_word' id='word_1_508' title='bbox 1719 2158 1785 2191; x_wconf 87' lang='lat' dir='ltr'>suis</span> 
     </span>
     <span class='ocr_line' id='line_1_100' title="bbox 1037 2206 1785 2242; baseline -0.003 -1"><span class='ocrx_word' id='word_1_509' title='bbox 1037 2207 1180 2241; x_wconf 83' lang='lat' dir='ltr'>similiter</span> <span class='ocrx_word' id='word_1_510' title='bbox 1206 2207 1393 2242; x_wconf 77' lang='lat' dir='ltr'>adversariis</span> <span class='ocrx_word' id='word_1_511' title='bbox 1420 2208 1448 2240; x_wconf 92' lang='lat' dir='ltr'>in</span> <span class='ocrx_word' id='word_1_512' title='bbox 1477 2206 1595 2241; x_wconf 83' lang='lat' dir='ltr'>eisdem</span> <span class='ocrx_word' id='word_1_513' title='bbox 1623 2207 1726 2241; x_wconf 86' lang='lat' dir='ltr'>causis</span> <span class='ocrx_word' id='word_1_514' title='bbox 1747 2206 1785 2239; x_wconf 78' lang='lat' dir='ltr'>ab</span> 
     </span>
     <span class='ocr_line' id='line_1_101' title="bbox 1039 2255 1783 2302; baseline -0.004 -13"><span class='ocrx_word' id='word_1_515' title='bbox 1039 2257 1106 2302; x_wconf 89' lang='lat' dir='ltr'>ipso</span> <span class='ocrx_word' id='word_1_516' title='bbox 1126 2255 1279 2291; x_wconf 80' lang='lat' dir='ltr'>Tuamen.</span> <span class='ocrx_word' id='word_1_517' title='bbox 1308 2256 1345 2290; x_wconf 90' lang='lat' dir='ltr'>ad</span> <span class='ocrx_word' id='word_1_518' title='bbox 1370 2256 1602 2290; x_wconf 76' lang='lat' dir='ltr'>Armachanum</span> <span class='ocrx_word' id='word_1_519' title='bbox 1625 2255 1783 2301; x_wconf 83' lang='lat' dir='ltr'>archiepi-</span> 
     </span>
     <span class='ocr_line' id='line_1_102' title="bbox 1038 2303 1784 2351; baseline -0.005 -12"><span class='ocrx_word' id='word_1_520' title='bbox 1038 2317 1169 2351; x_wconf 88' lang='lat' dir='ltr'>scopum</span> <span class='ocrx_word' id='word_1_521' title='bbox 1198 2305 1335 2351; x_wconf 85' lang='lat' dir='ltr'>legitime</span> <span class='ocrx_word' id='word_1_522' title='bbox 1366 2304 1533 2350; x_wconf 77' lang='lat' dir='ltr'>appellare.</span> <span class='ocrx_word' id='word_1_523' title='bbox 1563 2303 1611 2338; x_wconf 83' lang='grc' dir='ltr'>ΑΙ)</span> <span class='ocrx_word' id='word_1_524' title='bbox 1639 2304 1706 2338; x_wconf 88' lang='lat' dir='ltr'>aliis</span> <span class='ocrx_word' id='word_1_525' title='bbox 1729 2315 1784 2337; x_wconf 81' lang='grc' dir='ltr'>3ιι-</span> 
     </span>
     <span class='ocr_line' id='line_1_103' title="bbox 1039 2352 1786 2396; baseline -0.003 -9"><span class='ocrx_word' id='word_1_526' title='bbox 1039 2363 1100 2388; x_wconf 89' lang='lat' dir='ltr'>tem</span> <span class='ocrx_word' id='word_1_527' title='bbox 1124 2353 1323 2389; x_wconf 86' lang='lat' dir='ltr'>inferioribus</span> <span class='ocrx_word' id='word_1_528' title='bbox 1345 2354 1408 2388; x_wconf 87' lang='lat' dir='ltr'>sive</span> <span class='ocrx_word' id='word_1_529' title='bbox 1431 2353 1575 2396; x_wconf 74' lang='lat' dir='ltr'>subditis,</span> <span class='ocrx_word' id='word_1_530' title='bbox 1598 2360 1629 2386; x_wconf 90' lang='lat' dir='ltr'>et</span> <span class='ocrx_word' id='word_1_531' title='bbox 1651 2353 1688 2386; x_wconf 89' lang='lat' dir='ltr'>ab</span> <span class='ocrx_word' id='word_1_532' title='bbox 1719 2352 1786 2386; x_wconf 85' lang='lat' dir='ltr'>istis</span> 
     </span>
     <span class='ocr_line' id='line_1_104' title="bbox 1038 2400 1785 2449; baseline -0.004 -12"><span class='ocrx_word' id='word_1_533' title='bbox 1038 2403 1129 2437; x_wconf 87' lang='lat' dir='ltr'>etiam</span> <span class='ocrx_word' id='word_1_534' title='bbox 1154 2404 1184 2437; x_wconf 91' lang='lat' dir='ltr'>in</span> <span class='ocrx_word' id='word_1_535' title='bbox 1211 2403 1271 2438; x_wconf 90' lang='lat' dir='ltr'>alio</span> <span class='ocrx_word' id='word_1_536' title='bbox 1306 2415 1379 2437; x_wconf 83' lang='lat' dir='ltr'>casu</span> <span class='ocrx_word' id='word_1_537' title='bbox 1407 2402 1445 2437; x_wconf 88' lang='lat' dir='ltr'>ad</span> <span class='ocrx_word' id='word_1_538' title='bbox 1479 2403 1582 2449; x_wconf 90' lang='lat' dir='ltr'>ipsum</span> <span class='ocrx_word' id='word_1_539' title='bbox 1606 2400 1785 2435; x_wconf 76' lang='lat' dir='ltr'>Arinacha-</span> 
     </span>
     <span class='ocr_line' id='line_1_105' title="bbox 1041 2450 1786 2487; baseline -0.003 -1"><span class='ocrx_word' id='word_1_540' title='bbox 1041 2465 1113 2487; x_wconf 91' lang='lat' dir='ltr'>num</span> <span class='ocrx_word' id='word_1_541' title='bbox 1136 2452 1175 2487; x_wconf 90' lang='lat' dir='ltr'>ab</span> <span class='ocrx_word' id='word_1_542' title='bbox 1196 2452 1338 2486; x_wconf 87' lang='lat' dir='ltr'>eiusdem</span> <span class='ocrx_word' id='word_1_543' title='bbox 1359 2451 1512 2486; x_wconf 87' lang='lat' dir='ltr'>Tuamen.</span> <span class='ocrx_word' id='word_1_544' title='bbox 1535 2451 1689 2485; x_wconf 85' lang='lat' dir='ltr'>audientia</span> <span class='ocrx_word' id='word_1_545' title='bbox 1712 2450 1786 2484; x_wconf 88' lang='lat' dir='ltr'>nul·</span> 
     </span>
     <span class='ocr_line' id='line_1_106' title="bbox 1040 2499 1784 2548; baseline -0.001 -13"><span class='ocrx_word' id='word_1_546' title='bbox 1040 2502 1160 2536; x_wconf 83' lang='lat' dir='ltr'>lateuus</span> <span class='ocrx_word' id='word_1_547' title='bbox 1174 2501 1360 2548; x_wconf 81' lang='lat' dir='ltr'>appelletur,</span> <span class='ocrx_word' id='word_1_548' title='bbox 1382 2512 1419 2535; x_wconf 91' lang='lat' dir='ltr'>eo</span> <span class='ocrx_word' id='word_1_549' title='bbox 1441 2512 1566 2546; x_wconf 89' lang='lat' dir='ltr'>semper</span> <span class='ocrx_word' id='word_1_550' title='bbox 1580 2500 1676 2539; x_wconf 84' lang='lat' dir='ltr'>salvo,</span> <span class='ocrx_word' id='word_1_551' title='bbox 1699 2499 1784 2546; x_wconf 90' lang='lat' dir='ltr'>quod</span> 
     </span>
     <span class='ocr_line' id='line_1_107' title="bbox 1039 2548 1783 2596; baseline -0.003 -11"><span class='ocrx_word' id='word_1_552' title='bbox 1039 2552 1076 2585; x_wconf 85' lang='lat' dir='ltr'>ad</span> <span class='ocrx_word' id='word_1_553' title='bbox 1111 2550 1226 2585; x_wconf 86' lang='lat' dir='ltr'>Sedem</span> <span class='ocrx_word' id='word_1_554' title='bbox 1261 2550 1474 2596; x_wconf 86' lang='lat' dir='ltr'>Apostolicam</span> <span class='ocrx_word' id='word_1_555' title='bbox 1511 2548 1606 2583; x_wconf 88' lang='lat' dir='ltr'>libere</span> <span class='ocrx_word' id='word_1_556' title='bbox 1635 2550 1732 2595; x_wconf 89' lang='lat' dir='ltr'>possit</span> <span class='ocrx_word' id='word_1_557' title='bbox 1768 2561 1783 2582; x_wconf 90' lang='lat' dir='ltr'>a</span> 
     </span>
     <span class='ocr_line' id='line_1_108' title="bbox 1039 2598 1785 2646; baseline -0.001 -13"><span class='ocrx_word' id='word_1_558' title='bbox 1039 2599 1248 2646; x_wconf 81' lang='lat' dir='ltr'>quibuslibet,</span> <span class='ocrx_word' id='word_1_559' title='bbox 1275 2599 1400 2633; x_wconf 86' lang='lat' dir='ltr'>omissis</span> <span class='ocrx_word' id='word_1_560' title='bbox 1423 2598 1574 2644; x_wconf 81' lang='lat' dir='ltr'>proximis</span> <span class='ocrx_word' id='word_1_561' title='bbox 1595 2610 1703 2632; x_wconf 91' lang='lat' dir='ltr'>eorum</span> <span class='ocrx_word' id='word_1_562' title='bbox 1737 2610 1785 2632; x_wconf 88' lang='lat' dir='ltr'>su-</span> 
     </span>
     <span class='ocr_line' id='line_1_109' title="bbox 1041 2647 1785 2695; baseline -0.004 -12"><span class='ocrx_word' id='word_1_563' title='bbox 1041 2648 1225 2695; x_wconf 87' lang='lat' dir='ltr'>perioribus,</span> <span class='ocrx_word' id='word_1_564' title='bbox 1248 2648 1406 2694; x_wconf 87' lang='lat' dir='ltr'>appellari.</span> <span class='ocrx_word' id='word_1_565' title='bbox 1423 2647 1641 2682; x_wconf 76' lang='lat' dir='ltr'>Armachanus</span> <span class='ocrx_word' id='word_1_566' title='bbox 1654 2658 1728 2681; x_wconf 84' lang='lat' dir='ltr'>vero</span> <span class='ocrx_word' id='word_1_567' title='bbox 1745 2647 1785 2680; x_wconf 87' lang='lat' dir='ltr'>de</span> 
     </span>
    </p>
   </div>
   <div class='ocr_carea' id='block_1_7' title="bbox 1808 289 1991 316">
    <p class='ocr_par' dir='ltr' id='par_1_8' title="bbox 1808 289 1991 316">
     <span class='ocr_line' id='line_1_110' title="bbox 1808 289 1991 316; baseline 0.005 -2"><span class='ocrx_word' id='word_1_568' title='bbox 1808 290 1855 315; x_wconf 73' lang='lat' dir='ltr'>An.</span> <span class='ocrx_word' id='word_1_569' title='bbox 1875 289 1903 316; x_wconf 69' lang='lat' dir='ltr'>C.</span> <span class='ocrx_word' id='word_1_570' title='bbox 1925 289 1991 315; x_wconf 77' lang='lat'><strong>¹255</strong></span> 
     </span>
    </p>
   </div>
   <div class='ocr_carea' id='block_1_8' title="bbox 1803 966 1986 1018">
    <p class='ocr_par' dir='ltr' id='par_1_9' title="bbox 1803 966 1986 1018">
     <span class='ocr_line' id='line_1_111' title="bbox 1823 966 1986 988; baseline 0.006 -2"><span class='ocrx_word' id='word_1_571' title='bbox 1823 966 1930 988; x_wconf 69' lang='lat' dir='ltr'>Procumu</span> <span class='ocrx_word' id='word_1_572' title='bbox 1942 974 1986 987; x_wconf 51' lang='grc' dir='ltr'>ηιμ</span> 
     </span>
     <span class='ocr_line' id='line_1_112' title="bbox 1803 997 1977 1018; baseline 0 -1"><span class='ocrx_word' id='word_1_573' title='bbox 1803 999 1821 1017; x_wconf 77' lang='grc' dir='ltr'>ει</span> <span class='ocrx_word' id='word_1_574' title='bbox 1839 997 1977 1018; x_wconf 60' lang='lat' dir='ltr'>ezhtbeujae.</span> 
     </span>
    </p>
   </div>
   <div class='ocr_carea' id='block_1_9' title="bbox 1800 1982 1986 2186">
    <p class='ocr_par' dir='ltr' id='par_1_10' title="bbox 1815 1982 1986 2010">
     <span class='ocr_line' id='line_1_113' title="bbox 1815 1982 1986 2010; baseline 0.006 -8"><span class='ocrx_word' id='word_1_575' title='bbox 1815 1982 1923 2009; x_wconf 72' lang='lat' dir='ltr'>Eptsropts</span> <span class='ocrx_word' id='word_1_576' title='bbox 1939 1990 1986 2010; x_wconf 78' lang='lat' dir='ltr'>pro-</span> 
     </span>
    </p>

    <p class='ocr_par' dir='ltr' id='par_1_11' title="bbox 1800 2013 1985 2186">
     <span class='ocr_line' id='line_1_114' title="bbox 1801 2013 1985 2034; baseline 0.011 -2"><span class='ocrx_word' id='word_1_577' title='bbox 1801 2014 1882 2034; x_wconf 73' lang='lat' dir='ltr'>vinciae</span> <span class='ocrx_word' id='word_1_578' title='bbox 1916 2013 1985 2034; x_wconf 60' lang='lat' dir='ltr'>Tinn-</span> 
     </span>
     <span class='ocr_line' id='line_1_115' title="bbox 1801 2046 1983 2065; baseline 0.011 -2"><span class='ocrx_word' id='word_1_579' title='bbox 1801 2049 1855 2064; x_wconf 89' lang='lat' dir='ltr'>men.</span> <span class='ocrx_word' id='word_1_580' title='bbox 1881 2046 1983 2065; x_wconf 57' lang='grc' dir='ltr'>σοιν-ωι-</span> 
     </span>
     <span class='ocr_line' id='line_1_116' title="bbox 1801 2076 1985 2101; baseline -0.005 -6"><span class='ocrx_word' id='word_1_581' title='bbox 1801 2078 1833 2095; x_wconf 82' lang='grc' dir='ltr'>ιιιι·</span> <span class='ocrx_word' id='word_1_582' title='bbox 1855 2076 1886 2095; x_wconf 76' lang='lat' dir='ltr'>ius</span> <span class='ocrx_word' id='word_1_583' title='bbox 1909 2076 1985 2101; x_wconf 68' lang='lat' dir='ltr'>appet-</span> 
     </span>
     <span class='ocr_line' id='line_1_117' title="bbox 1801 2105 1985 2126; baseline 0 -1"><span class='ocrx_word' id='word_1_584' title='bbox 1801 2105 1855 2125; x_wconf 77' lang='lat' dir='ltr'>landl</span> <span class='ocrx_word' id='word_1_585' title='bbox 1872 2105 1896 2126; x_wconf 80' lang='lat' dir='ltr'>sd</span> <span class='ocrx_word' id='word_1_586' title='bbox 1912 2106 1985 2125; x_wconf 72' lang='lat' dir='ltr'>archi-</span> 
     </span>
     <span class='ocr_line' id='line_1_118' title="bbox 1800 2137 1985 2161; baseline 0 -5"><span class='ocrx_word' id='word_1_587' title='bbox 1800 2138 1920 2161; x_wconf 76' lang='lat' dir='ltr'>episcopum</span> <span class='ocrx_word' id='word_1_588' title='bbox 1944 2137 1985 2156; x_wconf 75' lang='grc' dir='ltr'>Αι-</span> 
     </span>
     <span class='ocr_line' id='line_1_119' title="bbox 1800 2167 1930 2186; baseline 0.008 -1"><span class='ocrx_word' id='word_1_589' title='bbox 1800 2167 1930 2186; x_wconf 70' lang='lat' dir='ltr'>maclianum.</span> 
     </span>
    </p>
   </div>
  </div>
 </body>
</html>
