2129 3223
19 274 74 303 An.
91 272 122 301 C.
139 272 206 300 ¹2⁵6

36 1070 119 1093 roem
137 1071 207 1093 'tot-—

24 1105 92 1123 tumn
101 1101 163 1123 huitt-
176 1101 208 1123 le-

25 1134 63 1159 gis.

2 1775 58 1975 ψ*

41 2151 134 2180 &empti
174 2158 210 2174 ra-

21 2184 87 2206 done
137 2183 211 2205 delicti

27 2218 117 2242 munt
130 2219 212 2236 eonve—

29 2245 72 2269 tffl
84 2250 154 2266 eorum
174 2250 212 2265 or-

28 2275 124 2302 flurin.

823 272 1018 295 AtEXANnt-:n
1046 273 1079 295 lV
1106 272 1155 294 Pe.

1636 259 1701 293 631

219 328 434 376 prohibentes¹
461 339 500 362 ne
522 327 552 361 in
580 326 719 362 fraudem
744 327 819 373 ipsis
846 325 1206 374 priora-'obstantibus
1239 326 1430 372 quibuslibet
1467 326 1655 373 privilegiis,
1691 327 1757 361 sive

220 377 316 419 tibus,
337 389 408 412 cum
436 388 490 411 eos
514 388 619 411 vacare
645 376 810 423 contingit,
838 378 887 411 fiat
909 376 966 411 ali-

220 427 312 462 cuius
346 426 451 461 oneris
485 425 645 472 impositio
679 425 715 459 ad
748 435 883 472 tempus
918 425 965 460 vel

221 484 372 531 perpetuo
399 474 558 514 duratura,
592 486 649 509 nec
681 475 773 509 ctiam
802 483 965 521 postquam

220 526 251 559 in
291 537 336 560 ets
375 523 496 571 priores
535 523 649 558 fuerint
690 524 841 559 instituti.
875 524 967 558 dictis

219 573 421 628 prioratibus,
442 572 518 607 v'el
513 573 590 619 ipsis
610 573 766 627 prioribus
788 572 890 619 aliqua
914 585 968 619 per
988 594 989 604 ι

218 621 357 662 abbates,
390 622 454 656 sive
488 630 657 669 perpetua,
692 623 758 657 sive
785 622 989 668 temporalia*

218 672 249 706 in
283 671 503 720 pensionibus,
531 672 575 705 vel
610 671 864 718 quibuscumque
899 672 968 705 altis

220 720 479 768 praestationibus
518 732 612 755 onera
652 721 872 768 imponantur,
914 733 968 766 per

219 782 300 817 quae
325 771 357 804 in
385 769 446 804 illis
468 769 571 804 cultus
599 769 725 804 divinus
751 771 830 804 circa
856 782 969 804 nume-

220 832 288 854 rum
310 819 508 858 servitorum,
530 827 581 853 aut
604 828 752 854 consucta
775 819 969 866 hospitalitas

220 869 391 908 minuatur,
427 869 470 902 vel
506 880 561 915 per
600 881 680 916 quae
720 869 778 915 ipsi
815 869 969 915 prioratus

219 930 275 953 seu
298 918 416 965 priores
431 917 604 952 reddantur
623 917 659 951 ad
676 917 862 952 solvendum
881 930 970 952 com·
988 938 991 947 ·

219 967 341 1002 mode'
334 978 398 1001 iura
426 966 617 1014 episcopalia
648 976 677 1002 et
700 966 969 1014 prosequendum,

219 1025 253 1052 ut
274 1016 431 1059 convenit,
459 1016 641 1051 eorumdem
666 1016 730 1050 iura
759 1017 968 1063 prioratuum,

220 1067 420 1113 impotentes.
463 1064 554 1107 Quod
600 1066 625 1100 si
670 1077 762 1100 secus
803 1078 970 1112 praesum-

220 1123 309 1162 ptum
325 1114 430 1158 suerit,
444 1122 696 1162 praesumptores
713 1115 891 1150 huiusmodi
907 1127 968 1149 non

220 1164 356 1212 exempti
380 1176 434 1211 per
468 1163 608 1198 locorum
644 1163 820 1199 ordinarios
847 1176 971 1198 arcean-

219 1222 282 1255 tur,
297 1214 366 1248 etsi
383 1213 538 1260 prioratus
554 1212 644 1247 suerit
663 1213 792 1248 alterius
806 1213 970 1257 dioecesis,

219 1275 312 1310 quam
332 1262 527 1303 monasterii,
542 1262 592 1296 cui
607 1261 727 1303 subest,
746 1263 826 1297 circa
848 1262 972 1309 priora-

219 1320 286 1347 tum
308 1312 412 1360 ipsum
428 1312 457 1346 in
475 1311 524 1346 bis
540 1311 748 1346 dioecesanus
773 1312 842 1347 eius
865 1312 971 1358 provi-

219 1361 304 1402 deat,
329 1361 476 1407 corrigat,
498 1360 621 1395 ordinet
643 1369 672 1395 et
703 1361 858 1408 disponat,
882 1370 911 1395 et
933 1360 970 1395 ad

220 1410 307 1446 illius
316 1409 591 1446 denunciationem
603 1409 810 1444 dioecesanus
820 1418 971 1444 monaste-

175 1459 187 1470 “
220 1459 256 1494 rii
290 1459 435 1494 abbatem
462 1459 530 1493 eius
556 1459 699 1494 cohibeat
725 1459 757 1493 in
780 1460 970 1506 praemissis.

219 1507 313 1544 Tales
328 1520 402 1544 vero
419 1516 674 1555 praesumptores
691 1508 826 1555 exempti
849 1520 973 1555 compe-

219 1566 348 1593 scantur
369 1569 423 1604 per
444 1557 526 1602 ittos,
544 1569 625 1604 quos
647 1557 685 1592 ad
710 1557 769 1593 boc
787 1557 972 1592 duxerimus

219 1606 430 1655 deputandos,
444 1619 518 1642 cum
539 1606 672 1641 velimus
694 1606 753 1641 hac
775 1606 842 1641 vice
859 1615 972 1651 certas,

220 1656 391 1704 prudentes
401 1664 431 1692 et
442 1655 593 1691 discretas
605 1668 753 1702 personas
767 1668 823 1703 per
834 1656 973 1702 singulas

219 1713 358 1740 statuere
388 1705 578 1753 provincias,
606 1717 686 1752 quae
713 1706 779 1740 vice
807 1713 911 1740 nostra
935 1705 974 1740 de

221 1755 270 1790 his
291 1754 373 1790 circa
400 1762 563 1801 exemptos
591 1754 629 1788 de
658 1754 751 1801 plano
777 1766 850 1789 cum
873 1762 974 1788 atten-

221 1804 306 1839 tione
344 1803 515 1850 inquirant,
551 1811 733 1838 revocantes
771 1803 897 1849 penitus
929 1803 975 1837 sic

223 1860 435 1899 praesumpta,
457 1860 488 1886 et
516 1852 601 1898 ipsos
623 1859 787 1898 exemptos
812 1852 842 1885 in
861 1850 975 1885 talibus

222 1909 414 1937 coercentes.
442 1900 476 1935 Si
499 1912 572 1935 vero
598 1900 726 1935 abbates
750 1900 885 1947 exempti
912 1899 975 1932 fue-

224 1951 297 1995 rint,
320 1950 477 1997 prioratus
503 1958 607 1984 autem
638 1961 700 1983 non
728 1950 875 1996 exempti,
899 1948 973 1983 dicti

223 1999 353 2034 abbates
379 2011 435 2046 per
462 1998 546 2046 ipsas
569 2010 718 2045 personas
738 1998 975 2034 constituendus

223 2060 239 2083 a
264 2048 366 2088 nobis,
393 2047 660 2083 denunciantibus
689 2046 886 2083 dioecesanis
918 2059 996 2083 eo·¹

225 2097 370 2133 rumdem
397 2098 871 2144 prioratuum,compescantur.
896 2097 974 2132 Sta-

225 2146 347 2182 tuimus
368 2146 509 2193 insuper,
537 2154 570 2180 ut
600 2157 769 2192 praemissa
792 2146 975 2181 constitutio

225 2195 264 2230 ab
306 2195 418 2230 eodem
461 2194 702 2241 praedecessore
743 2203 848 2229 nostro
896 2195 975 2229 circa

225 2252 389 2292 exemptos
410 2243 504 2284 edita,
521 2243 666 2278 videlicet
684 2243 798 2289 quod
792 2244 848 2289 ipsi
872 2255 977 2278 exem

226 2342 433 2378 nihilominus
467 2350 571 2376 tamen
605 2342 724 2376 ratione
761 2341 878 2381 delicti,
911 2342 977 2376 sive

226 2450 340 2487 331111Γῖ
368 2449 426 2476 ΓΙῑθ
449 2448 580 2487 possunt
601 2451 704 2474 coram
729 2439 868 2474 iocorum
891 2439 978 2474 Osdl-

228 2490 324 2525 nariis
349 2490 523 2529 conveniri,
546 2497 574 2523 et
602 2488 643 2522 illi
667 2488 769 2535 quoad
791 2488 868 2523 haec
889 2501 975 2523 suam

228 2538 259 2573 in
281 2539 367 2586 ipsos
394 2539 655 2577 iurisdictionem,
685 2545 775 2584 prout
803 2537 852 2571 ius
872 2538 978 2584 exigit,

1007 376 1210 422 indulgentiis
1224 376 1404 422 apostolicis
1417 384 1523 411 contra
1538 387 1606 412 eam
1622 383 1760 423 postmo-

1007 425 1082 460 dum
1107 426 1292 480 impetratis
1320 425 1529 460 Decernimus
1559 437 1699 473 quoque,
1726 433 1757 460 ut

1007 475 1032 509 si
1063 474 1106 515 hi,
1133 475 1184 521 qui
1207 486 1241 508 se
1268 484 1410 509 asserunt
1435 487 1489 522 per
1516 475 1689 521 privilegia,
1711 475 1756 509 vel

1009 523 1222 569 indulgentias
1243 523 1444 570 Apostolicae
1462 523 1536 558 Sed}
1542 536 1557 558 s
1582 532 1758 572 exemptos,

1008 573 1048 608 de
1073 585 1208 621 quorum
1232 585 1287 608 sua
1319 574 1518 628 exemptione
1539 585 1594 608 seu
1618 573 1759 608 libertate

1010 635 1070 657 non
1099 630 1233 667 constat,
1268 622 1312 657 vel
1340 623 1394 669 qni
1423 622 1567 657 videlicet
1594 623 1624 657 in
1651 634 1760 657 exem-

1010 672 1126 717 ptionis
1171 684 1226 706 seu
1268 671 1419 706 libertatis
1469 672 1667 719 possessione
1705 683 1761 719 per

1010 721 1100 767 longa
1136 729 1274 768 tempora
1315 733 1376 755 non
1404 720 1532 756 fuerunt
1567 733 1583 755 a
1619 721 1759 756 locorum

1009 770 1175 805 ordinariis
1204 770 1357 817 requisiti,
1382 769 1563 805 huiusmodi
1587 770 1760 817 privilegia,

988 819 1056 857 ¹vel
1084 819 1307 866 indulgentias,
1339 819 1455 866 quibus
1488 818 1597 854 dicunt
1629 831 1662 853 se
1695 818 1760 853 fore

1011 869 1165 909 munitos,
1200 869 1308 904 saltent
1351 868 1455 924 quoad
1495 868 1565 903 illos
1599 867 1761 911 articulos,

1010 930 1106 965 super
1133 918 1262 973 *quibus
1297 918 1439 972 quaestio
1472 917 1519 952 vel
1550 919 1762 952 controversia

1010 967 1113 1007 fuerit,
1132 967 1211 1014 ipsis
1229 967 1396 1002 ordinariis
1423 979 1453 1001 tn
1477 967 1546 1002 loco
1567 978 1707 1013 congruo
1732 975 1763 1000 et

1010 1028 1133 1060 securo,
1166 1016 1214 1050 vel
1251 1016 1410 1063 aliquibus
1444 1016 1656 1063 prudentibus
1678 1016 1762 1059 viris,

1011 1066 1096 1100 omni
1124 1066 1306 1112 suspicione
1336 1065 1528 1110 carentibus,
1554 1065 1592 1100 ad
1622 1065 1683 1100 hoc
1709 1076 1765 1112 per

1011 1115 1110 1150 dictos
1131 1115 1306 1150 ordinarios
1331 1115 1499 1162 deputatis,
1527 1127 1590 1150 non
1612 1113 1765 1149 exbibue-

1012 1166 1073 1198 rint
1109 1164 1154 1199 vel
1183 1164 1397 1207 ostenderint,
1430 1173 1460 1198 et
1495 1163 1588 1199 iidem
1615 1163 1764 1198 ordinarii

1012 1226 1068 1249 sua
1098 1213 1316 1249 iurisdictione
1349 1214 1396 1248 usi
1422 1212 1535 1247 fuerint
1565 1221 1672 1248 contra
1699 1224 1765 1255 eoS,

1013 1275 1211 1310 nequaquam
1238 1271 1314 1298 tunc
1340 1262 1399 1309 ipsi
1422 1262 1569 1297 ordinarii
1598 1262 1656 1297 bac
1679 1273 1767 1296 occa·

1012 1313 1100 1347 sione
1131 1324 1186 1359 per
1216 1320 1453 1347 conservatores
1473 1323 1488 1345 a
1516 1311 1600 1346 Sede
1622 1310 1684 1345 illis
1709 1310 1767 1344 de-

1014 1370 1138 1408 putatos
1159 1361 1267 1396 eadem
1292 1361 1450 1395 molestari
1478 1360 1612 1404 valeant,
1633 1368 1686 1394 aut
1708 1359 1766 1393 ali-

1013 1419 1168 1457 quatenus
1204 1410 1367 1456 impediri,
1401 1410 1545 1457 quinimo
1583 1409 1766 1448 sententiae,

1015 1461 1060 1494 vel
1104 1471 1272 1506 processus
1309 1466 1565 1494 conservatorum
1607 1459 1766 1505 ipsorum,

1013 1521 1105 1556 quae,
1127 1508 1174 1543 vel
1197 1509 1249 1555 qui
1279 1508 1417 1555 prolatae
1443 1520 1499 1543 seu
1528 1507 1624 1542 babiti
1652 1506 1768 1542 fuerint

1013 1566 1121 1593 contra
1149 1558 1278 1593 eosdem
1310 1557 1500 1600 ordinarios,
1536 1558 1567 1591 in
1600 1556 1660 1592 hoc
1692 1567 1766 1590 casu

1014 1608 1142 1642 omnino
1176 1619 1240 1642 non
1277 1614 1418 1646 teneant,
1446 1606 1634 1653 nullumque
1669 1604 1767 1640 robur

1014 1656 1149 1691 babeant
1187 1656 1234 1691 vel
1275 1656 1427 1702 vigorem.
1447 1656 1495 1690 Ad
1527 1655 1616 1698 baec,
1651 1662 1766 1690 statuto

1016 1713 1180 1752 perpetuo,
1222 1705 1440 1746 declaramus,
1474 1704 1559 1751 quod
1608 1704 1766 1738 indultum

1015 1754 1091 1788 illud
1132 1753 1353 1801 apostolicum,
1389 1766 1452 1801 quo
1491 1753 1648 1800 plerisque
1686 1764 1767 1788 con-

994 1803 1154 1847 ceditur,
1184 1810 1218 1837 ut
1254 1803 1414 1838 novalium
1454 1802 1593 1837 decimas
1634 1814 1690 1849 pro
1731 1814 1767 1836 ea

1015 1853 1158 1898 portione
1186 1853 1349 1898 percipere
1384 1852 1517 1891 v,aleant
1551 1863 1613 1898 qua
1648 1860 1767 1886 veteres

1015 1911 1071 1935 eos
1081 1901 1279 1946 contingunt,
1298 1900 1335 1935 ad
1357 1900 1425 1935 illas
1441 1900 1600 1936 novalium
1616 1900 1767 1941 decimas,

1017 1960 1095 1996 quas
1129 1957 1269 1996 tempore
1303 1950 1367 1990 illo,
1395 1961 1460 1997 quo
1481 1950 1683 1998 impetratum
1721 1950 1768 1984 vel

1015 2000 1181 2034 ott-*ntum
1209 1999 1310 2033 extitit
1337 1999 1397 2034 boc
1417 1999 1589 2043 indultum,
1620 1999 1670 2034 alii
1699 2011 1767 2046 pos-

1015 2046 1172 2088 sidebxnt,
1204 2059 1276 2082 cum
1311 2047 1350 2083 de
1390 2048 1449 2083 hoc
1483 2049 1513 2082 in
1549 2048 1618 2095 ipso
1649 2048 1768 2083 mentio

1016 2099 1100 2133 nulla
1125 2098 1187 2138 fiat,
1206 2097 1388 2132 nullatenus
1413 2109 1447 2132 se
1473 2097 1626 2141 extendit,
1648 2109 1707 2132 nec
1728 2097 1767 2132 ad

1017 2147 1092 2181 alias
1119 2147 1212 2182 trium
1239 2147 1298 2180 nisi
1323 2146 1353 2180 in
1381 2146 1429 2181 bis
1456 2154 1577 2181 tantum
1600 2146 1690 2187 locis,
1714 2145 1767 2180 ubi

995 2196 1154 2243 ssveteres,
1186 2203 1261 2229 tunc
1296 2195 1423 2241 qnando
1456 2195 1574 2230 dictum
1610 2195 1766 2230 indultum

996 2280 997 2283 ,
1018 2245 1215 2290 impetratum
1251 2243 1318 2284 fuit,
1342 2244 1442 2291 ipsius
1469 2244 1688 2291 impetratores
1710 2244 1768 2278 ba—

227 2295 270 2341 pti
306 2302 599 2342 quantumcumque
632 2292 788 2347 gaudeant
820 2292 998 2335 libertate,

1018 2293 1145 2337 bebant,
1175 2300 1203 2327 et
1240 2305 1295 2339 pro
1318 2305 1351 2327 ea
1380 2293 1582 2328 solummodo
1609 2294 1767 2340 portione,

996 2374 998 2386 Σ
1019 2354 1077 2388 qua
1097 2342 1156 2388 ipsi
1177 2350 1316 2388 tempore
1339 2342 1565 2388 impetrationis
1588 2341 1768 2378 huiusmodi

227 2399 418 2432 contractus,
440 2399 492 2426 aut
526 2392 582 2434 rei,
605 2390 643 2424 de
670 2402 731 2437 qua
757 2399 862 2425 contra
892 2392 998 2438 ipsos

1020 2390 1232 2437 percipiebant
1259 2391 1414 2436 antiquas
1441 2390 1618 2425 Statuitnus
1645 2400 1769 2438 praete-

997 2438 1082 2483 }rea,
1117 2439 1202 2486 quod
1230 2439 1311 2474 idem
1341 2439 1497 2474 indultum
1530 2439 1694 2475 obtentum
1729 2439 1769 2476 ab

997 2481 1080 2533 iltis,
1113 2488 1164 2534 qui
1199 2496 1339 2535 tempore
1375 2489 1601 2536 impetrationis
1634 2489 1767 2524 totaliter

1019 2546 1138 2572 veteres
1172 2538 1384 2584 percipiebant
1418 2537 1569 2582 decimas,
1594 2537 1673 2574 ultra
1700 2550 1770 2574 mc·-

228 2599 374 2623 exercere
407 2588 546 2643 plenarie
581 2587 612 2621 in
640 2586 700 2621 boc
733 2594 763 2620 et
790 2585 871 2631 aliis,
899 2599 979 2633 quae
1019 2587 1165 2621 dietatem
1189 2587 1381 2621 decimarum
1404 2587 1561 2622 novalium
1588 2587 1769 2623 nullatenus

229 2636 298 2684 ipsa
319 2637 499 2673 constitutio
521 2635 884 2676 continet,obse1v.etur
908 2636 1001 2670 Noni
1020 2635 1215 2672 extendatur
1243 2637 1314 2682 quia
1349 2647 1407 2671 nce
1433 2645 1480 2671 cst
1504 2636 1688 2682 verisimile,
1721 2636 1768 2672 vel

1771 272 1822 299 Αιι.
1846 271 1957 299 C.1256

1778 411 1904 439 Exemptto
1911 419 1941 432 ,ιιι

1772 444 1873 464 ordinarii
1885 450 1904 463 ιιι
1917 419 1956 463 ho}

1772 479 1822 494 casu
1838 479 1861 493 nr
1857 480 1878 493 ιι
1902 479 1925 492 τι
1920 473 1957 493 ite.

1772 505 1812 525 nini
1832 505 1879 525 extu
1883 505 1907 524 be
1917 508 1954 523 ιιιιι

1772 535 1861 562 prtvito
1853 536 1904 555 ’lum
1934 541 1957 554 a-

1772 564 1850 593 poutoli
1853 570 1898 585 eum

1793 1675 1901 1697 Nomium
1927 1681 1966 1696 ex-

1781 1708 1859 1735 emptio
1876 1713 1965 1734 quomo-

1781 1739 1807 1759 do
1817 1737 1957 1763 intelligenda
