2129 3223
140 253 187 278 An.
210 251 238 277 C.
255 252 319 278 ¹215

161 763 171 770 „
187 762 245 784 *stam
275 761 320 775 cum

156 795 163 802 s
180 796 184 808 i
203 792 216 807 ι»
233 792 321 813 ermpe—

386 240 455 273 500

931 241 1119 266 nULLAmUM
1141 240 1303 263 ROMANUM

336 304 429 339 modo
452 306 626 350 proliceret,
650 299 815 347 postulavit
845 298 883 334 ab
927 297 1083 344 archiepi-
1127 294 1294 350 membris,
1317 293 1518 342 pontificatus
1552 295 1648 329 nostri
1688 304 1771 328 anno
1810 292 1874 328 de·-

336 365 430 401 scopo
452 360 483 388 et
521 351 705 399 episcopis,
740 357 775 384 ut
822 355 965 384 nostrum
1008 358 1083 382 exe-

335 411 509 451 querentur
530 400 728 444 mandatum,
747 399 794 434 ius
826 398 987 434 Ecclesiae
1017 396 1083 432 Ro-

334 464 446 488 manae
472 450 692 491 defenderent,
704 461 740 485 ac
759 456 924 484 tuerentur
945 446 1083 482 eundem

334 501 510 538 secundum
539 501 670 536 sormam
688 498 841 547 privilegii
857 496 1083 543 crucesignatis

336 552 460 587 indulti.
481 551 580 586 Porro
601 562 673 585 cum
702 549 760 597 ipsi
799 548 877 583 nihil
898 547 1012 582 horum
1036 545 1082 581 sa—

335 614 406 637 cere
429 601 612 645 voluissent,
639 599 749 634 videns
777 611 810 633 se
845 597 931 632 omni
965 594 1084 631 auxilio

335 661 366 687 et
392 651 524 687 consilio
546 650 744 688 destitutum,
766 646 917 695 quicquid
941 646 981 680 illi
1017 644 1083 680 ausi

336 711 409 737 sunt
433 710 547 748 petere,
570 712 633 735 non
659 707 706 733 est
727 710 823 734 ausus
855 698 923 744 ipse
956 706 1081 742 negare.

337 751 427 787 Unde
449 749 630 798 compulsus
656 756 703 783 est
725 760 779 794 per
805 747 867 781 vim
893 753 922 780 et
953 753 1083 784 metum,

336 803 389 849 qui
416 800 528 836 cadere
549 812 613 834 non
641 805 781 845 poterant
803 796 834 831 in
857 797 957 830 virum
989 794 1083 829 etiam

336 850 677 891 inconstantissimum,
704 845 965 893 compositionem
998 843 1085 878 inivit

336 913 408 936 cum
432 900 522 948 ipsis,
549 911 613 934 non
631 897 733 933 solum
756 896 862 935 vilem,
895 902 925 930 et
947 902 1084 941 turpem,

338 962 445 986 verum
493 949 586 984 etiam
626 947 766 981 illicitam
808 953 838 980 et
872 945 1012 992 iniquam
1055 943 1085 977 in

338 1000 467 1035 nimiam
504 996 740 1045 derogationem
777 1007 813 1030 ac
844 993 1086 1029 diminutionem

338 1050 385 1085 sui
414 1049 492 1085 iuris
520 1048 636 1095 pariter
654 1047 684 1081 e't
720 1044 858 1079 honoris.
887 1043 969 1085 Quia
1013 1054 1086 1076 vero

339 1098 430 1134 nobis
468 1111 484 1133 a
528 1096 668 1133 Domino
701 1095 821 1130 dictum
857 1101 904 1128 est
948 1094 978 1127 in
1013 1091 1088 1126 Pro-

341 1150 443 1196 pheta:
472 1146 630 1183 Constitui
659 1153 689 1180 te
711 1157 807 1192 super
829 1150 938 1190 gentes
979 1150 1009 1177 et
1030 1153 1086 1176 re—

337 1211 408 1246 gna,
436 1207 469 1233 ut
492 1197 607 1233 evellas
642 1203 672 1231 et
694 1194 861 1237 destruas,
887 1191 1036 1227 aedifices
1057 1200 1088 1226 et

341 1250 478 1293 plantes;
500 1247 639 1294 itemque
676 1256 731 1292 per
760 1244 857 1279 alium
884 1241 1086 1289 prophetam:

339 1298 482 1333 Dissolve
504 1295 720 1342 colligationes
743 1292 922 1341 impietatis,
949 1291 1036 1326 solve
1050 1291 1090 1325 fa-

340 1346 478 1382 sciculos
503 1345 735 1392 deprimentes,
768 1355 824 1378 nos
858 1349 961 1376 tantae
999 1340 1090 1375 mali-

340 1397 468 1444 gnitatis
510 1395 673 1430 audaciam
707 1391 905 1427 dissimulare
949 1390 1090 1425 nolentes

345 1448 375 1480 in
398 1445 602 1492 Apostolicae
637 1441 728 1477 Sedis
772 1447 1002 1487 contemptum,
1040 1451 1090 1474 re-

341 1495 419 1542 galis
441 1495 519 1530 iuris
545 1492 762 1540 dispendium,
777 1490 970 1537 Anglicanae
988 1489 1092 1536 gentis

341 1544 562 1592 opprobrium,
589 1551 619 1578 et
652 1554 744 1589 grave
777 1540 952 1588 periculum
997 1539 1092 1573 totius

343 1599 457 1646 negotii
484 1598 648 1637 Crucifixi,
670 1595 754 1644 quod
769 1595 879 1642 utique
902 1593 1091 1631 immineret.

343 1654 403 1689 nisi
439 1665 495 1701 per
534 1652 751 1688 auctoritatem
786 1658 923 1685 nostram
965 1660 1092 1683 revoca-

345 1716 453 1743 rentur
489 1707 617 1750 omnia,
652 1717 734 1753 quae
773 1717 789 1740 a
820 1711 905 1739 tanto
949 1703 1093 1750 principe

160 1763 207 1784 ΕΠ
261 1763 330 1783 ‘³⁵⁵³‘
344 1762 561 1808 crucesignato
583 1760 684 1794 taliter
705 1767 780 1794 sunt
812 1765 928 1797 exorta,
963 1765 993 1791 et
1024 1757 1094 1802 ipso

150 1795 197 1816 ron*
204 1795 243 1816 ifex

345 1815 471 1851 volente
493 1827 527 1850 ea
550 1825 684 1851 servare,
706 1825 743 1848 ex
768 1822 854 1860 parte
894 1811 951 1846 Dei
990 1811 1094 1845 omni-

348 1871 484 1918 potentis
506 1869 617 1909 Patris,
629 1876 659 1902 et
679 1867 763 1911 Filii,
782 1877 811 1902 et
822 1867 962 1914 Spiritus
977 1864 1095 1904 Sancti,

346 1924 531 1960 auctoritate
557 1933 683 1969 quoque
715 1921 929 1968 apostolorum
951 1919 1036 1955 Petri
1066 1927 1096 1955 et

347 1978 437 2014 Pauli
465 1990 500 2013 ac
521 1985 639 2016 nostra,
666 1975 705 2010 de
726 1974 886 2011 communi
900 1974 1031 2010 fratrum
1045 1986 1098 2009 no-

350 2040 487 2068 strorum
522 2031 656 2067 consilio
690 2030 952 2076 compositionem
987 2028 1098 2062 huius-

352 2086 436 2122 modi
464 2085 669 2134 reprobamus
690 2085 816 2132 penitus
845 2091 876 2117 et
912 2083 1099 2118 damnamus

353 2140 411 2176 sub
437 2140 633 2175 intimatione
655 2138 863 2174 anathematis
882 2135 1100 2184 prohibentes,

355 2208 393 2231 ne
415 2195 520 2231 dictus
542 2207 594 2229 rex
621 2206 689 2229 eam
716 2193 882 2228 observare
911 2199 1100 2239 praesumat,

355 2257 410 2285 aut
431 2249 566 2285 barones
584 2260 657 2283 cum
684 2245 895 2295 complicibus
913 2245 980 2281 suis
1002 2245 1100 2291 ipsam

357 2304 481 2349 exigant
503 2302 672 2337 observari:
698 2309 761 2336 tam
779 2300 918 2336 chartam
940 2310 1033 2346 quam
1051 2298 1103 2333 ob-

358 2358 524 2404 ligationes
565 2369 621 2392 seu
675 2356 837 2391 cautiones
885 2364 1104 2400 quaecumque

361 2423 415 2458 pro
448 2412 515 2459 ipsa
545 2410 591 2445 vel
626 2409 664 2445 de
698 2410 763 2457 ipsa
793 2416 869 2444 sunt
889 2407 999 2451 factae,
1032 2407 1104 2441 irri-

361 2472 462 2500 tantes
501 2465 646 2512 penitus,
680 2472 710 2499 et
742 2470 913 2504 cassantes,
954 2469 984 2495 ut
1019 2460 1106 2495 nullo

363 2530 499 2565 unquam
523 2526 664 2566 tempore
690 2517 825 2565 aliquam
852 2515 987 2552 habeant
1015 2515 1109 2550 tirmi-

363 2581 469 2608 ratem.

413 2626 528 2662 Datum
562 2626 719 2673 Anagniae
755 2637 838 2660 nono
876 2622 1027 2659 kalendas
1057 2634 1107 2660 se-

1125 357 1208 380 cimo
1230 352 1352 380 octavo.

1145 402 1207 433 Dat.
1221 403 1269 433 die
1286 403 1323 433 Ἡ
1337 403 1452 441 augusti
1469 403 1552 439 1215,
1563 401 1667 442 pontif.
1685 410 1763 431 anno
1776 408 1854 431 an.

1450 569 1544 604 tjvil.

1126 650 1256 684 indictio
1293 649 1362 682 belli
1394 655 1420 681 et
1451 647 1602 681 cruciatae
1635 653 1742 679 eontra
1775 647 1876 680 Βανα-5

1173 711 1260 733 cenos
1292 709 1349 743 pro
1381 697 1607 742 recuperatione
1643 696 1754 729 Terrae
1790 697 1877 730 San-

1174 756 1238 783 ctae
1256 748 1462 786 Hierusalem,
1480 758 1548 780 cum
1568 746 1831 790 indulgentiarum
1850 753 1877 779 et

1171 797 1406 843 privilegiorum
1434 796 1621 830 concessione
1655 806 1715 840 pro
1748 795 1878 829 crucesi-

1174 848 1277 892 qnatis
1315 847 1358 880 ad
1394 846 1476 880 illud
1511 845 1786 891 proficiscentibus,
1825 851 1880 877 aut

1175 898 1267 931 aliter
1287 896 1456 930 subsidium
1475 896 1710 941 praestantibus.

1399 973 1614 1004 summatum

1129 1043 1222 1073 Locus
1248 1040 1440 1071 conveniendi
1458 1044 1485 1069 et
1504 1044 1629 1079 tempus.
1647 1057 1686 1062 —-
1705 1040 1877 1071 aciei-1002

1169 1097 1233 1117 rum
1250 1095 1358 1116 munus
1374 1085 1403 1115 in
1425 1094 1459 1115 eo
1480 1085 1609 1114 exercitu
1626 1085 1713 1124 quale
1729 1086 1777 1115 sit.
1793 1103 1829 1107 —
1853 1086 1880 1116 3.

1169 1132 1217 1161 Eis
1234 1131 1348 1161 fructus
1366 1130 1501 1160 concedit
1519 1138 1639 1159 suorum
1658 1129 1881 1161 beneficiorum.

1168 1193 1206 1198 —
1223 1176 1251 1206 4.
1270 1175 1424 1214 Episcopis
1447 1174 1567 1204 mandat
1582 1175 1804 1212 crucesignatos
1817 1184 1880 1210 ,mo-

1171 1224 1259 1251 neant
1277 1220 1312 1250 de
1336 1220 1392 1250 his:
1415 1236 1453 1241 —
1478 1219 1506 1249 5.
1527 1218 1668 1258 Aliosque
1687 1219 1721 1249 ad
1748 1218 1880 1249 subsidia

1171 1265 1345 1304 praestanda
1378 1264 1527 1294 inducant.
1560 1280 1597 1286 -
1625 1264 1652 1293 6.
1679 1263 1882 1293 Reuuentibus

1173 1319 1238 1340 vero
1271 1309 1322 1339 Dei
1353 1309 1498 1339 iudicium
1525 1308 1752 1338 comminentur.
1783 1325 1822 1331 —
1853 1309 1880 1338 “1.

1171 1354 1250 1389 Quae
1269 1355 1318 1383 det
1334 1352 1523 1383 lnnocentius
1542 1361 1593 1390 pro
1614 1352 1667 1382 hac
1689 1352 1882 1392 expeditione.

1170 1415 1207 1420 —
1240 1398 1267 1427 8.
1298 1397 1476 1436 vigesimam
1508 1396 1719 1426 ecclesiasticis
1750 1397 1883 1435 imponit.

1172 1460 1208 1465 -
1240 1441 1446 1472 Cardinalihus
1474 1444 1571 1470 autem
1603 1440 1759 1470 decimam.
1789 1458 1828 1463 —
1855 1443 1883 1472 9.

1172 1486 1327 1525 l'rivilegia
1357 1486 1405 1515 dat
1426 1484 1651 1522 crucesignatis.
1677 1501 1716 1507 —
1747 1485 1792 1515 12.
1826 1485 1882 1516 Ex-

1173 1531 1371 1561 communicat
1399 1530 1549 1560 adiutores
1582 1529 1742 1569 piratarum
1770 1546 1809 1552 —
1839 1531 1884 1561 13.

1172 1575 1206 1605 Et
1223 1576 1354 1605 inimicis
1376 1574 1604 1604 christianorum
1619 1583 1710 1609 arma,
1729 1575 1818 1613 ligna,
1834 1581 1885 1606 etc.

1175 1620 1312 1650 ferentes.
1331 1636 1367 1641 -
1395 1619 1437 1648 14.
1456 1618 1596 1648 Prohibet
1613 1619 1736 1658 insuper
1751 1629 1787 1649 ne
1808 1620 1886 1650 chri-

1175 1664 1263 1693 stiani
1281 1673 1349 1694 suas
1379 1671 1467 1692 naves
1490 1664 1606 1692 mittant
1628 1663 1657 1692 in
1676 1667 1772 1702 partes
1795 1663 1883 1694 Sara-

1175 1717 1326 1738 cenorum.
1348 1725 1386 1729 —-
1405 1708 1450 1737 15.
1470 1707 1492 1736 Α
1515 1707 1724 1737 torneamentis
1746 1707 1806 1738 vult
1831 1707 1885 1738 ab·

1177 1752 1290 1782 stineri.
1314 1769 1351 1774 —
1376 1752 1420 1781 16.
1452 1751 1617 1790 Pacemque
1646 1751 1813 1790 generalem
1837 1761 1888 1792 per

1176 1796 1405 1836 quadriennium
1419 1796 1531 1826 indicit.
1543 1812 1580 1818 —-
1591 1795 1807 1834 Indulgentiam
1823 1805 1888 1827 cru-

1177 1840 1360 1879 cesignatis,
1399 1844 1427 1870 et
1461 1840 1628 1870 subsidium
1668 1839 1891 1879 quomodolibet

1180 1884 1399 1925 praestantibus
1418 1884 1568 1922 elargitur.

1174 1956 1344 1986 {marentius
1360 1956 1501 1992 opiscopus
1520 1962 1617 1984 servus
1635 1962 1775 1985 servorum
1794 1954 1850 1985 Dei.

1189 2024 1236 2059 Ad
1274 2023 1466 2059 liberandam
1499 2024 1628 2059 Terram
1665 2023 1813 2060 Sanctam
1851 2024 1892 2060 de
1917 2040 1983 2063 tuus
2005 2046 2087 2062 enm-

1140 2074 1284 2109 manibus
1300 2074 1468 2120 impiorum
1481 2073 1601 2109 ardenti
1627 2073 1784 2110 desiderio
1805 2074 1891 2121 aspi·
1903 2073 1975 2128 3⁴:¹2¹&
1996 2075 2016 2093 ⁶¹
2030 2075 2086 2093 ’ω’
2127 2090 2129 2098 ,

1142 2133 1263 2163 rantes,
1292 2124 1331 2158 de
1364 2123 1552 2171 prudentum
1580 2123 1716 2159 virorum
1746 2124 1909 2164 consilio‚'

1142 2174 1195 2221 qui
1231 2173 1323 2221 plene
1346 2180 1501 2208 noverunt
1526 2172 1779 2208 circumstantias
1808 2181 1891 2208 tem-

1145 2235 1254 2271 porum
1277 2230 1308 2258 et
1328 2223 1481 2264 locorum,
1503 2234 1594 2259 sacro
1612 2221 1805 2270 approbante
1822 2235 1891 2258 con-

1143 2273 1227 2313 cilio,
1250 2272 1436 2315 definimus,
1472 2281 1503 2308 ut
1544 2273 1585 2307 ita
1616 2272 1824 2319 crucesignati
1860 2285 1893 2307 se

1145 2330 1348 2370 praeparent,
1381 2322 1466 2370 quod
1495 2324 1524 2357 in
1556 2321 1703 2357 kalendas
1735 2322 1813 2356 iunii
1841 2334 1894 2357 se-

1145 2373 1271 2420 quentis
1286 2380 1355 2419 post
1373 2372 1564 2419 proximum,
1582 2382 1692 2406 omnes
1712 2371 1765 2418 qui
1787 2371 1895 2417 dispo-

1147 2429 1277 2457 suerunt
1295 2423 1428 2456 transire
1460 2433 1515 2468 per
1541 2432 1626 2455 mare
1648 2420 1835 2455 conveniant
1863 2422 1894 2456 iu

1147 2483 1278 2518 regnum
1306 2470 1447 2515 Siciliae,
1477 2470 1527 2506 alii
1560 2470 1643 2505 sicut
1668 2469 1840 2516 oportuerit
1865 2481 1896 2505 et

1148 2520 1287 2556 decuerit
1312 2520 1395 2568 apud
1423 2519 1656 2558 Brundusium,
1684 2519 1786 2554 etalii
1812 2519 1895 2567 apud

1149 2570 1323 2606 Messanam
1361 2578 1392 2605 et
1435 2576 1536 2617 partes
1567 2567 1733 2616 utrobique
1766 2569 1896 2608 vicinas.

1151 2619 1200 2655 ubi
1218 2627 1246 2655 et
1261 2632 1319 2655 nos
1341 2618 1555 2668 personaliter,
1575 2617 1713 2653 Domino
1725 2626 1896 2660 aunuente,

1887 236 1938 264 An.
1952 235 1980 263 C.
2001 236 2068 264 tatu
