2129 3223
145 253 180 279 Ari
215 255 324 282 0118&

155 2348 264 2371 Erotivm

388 245 435 279 28

386 311 452 358 Ego
473 311 586 347 Petrus
608 310 640 347 S.
660 310 777 346 Nicolai
803 312 835 346 in
858 310 990 347 Carcere
1012 311 1085 346 Tul-

338 361 419 397 liano
442 362 594 397 diaconus
616 361 701 396 card.
723 361 904 408 subscripsi.

386 410 455 457 Ego
491 409 679 458 Radulplius
715 410 822 446 Sancti
870 410 995 458 Georgii
1044 410 1081 446 ad

337 459 447 495 Velum
470 461 610 496 Aureum
632 460 817 508 subscripsi.

383 510 497 545 Datum
531 509 673 546 Veronae
714 523 768 555 per
796 522 923 546 manum
959 509 1079 546 Alberti

334 569 458 595 sanetae
500 559 661 595 Romanae
702 560 861 596 Ecclesiae
907 560 1079 608 presbyteri

333 609 499 644 cardinalis
526 617 555 644 et
578 609 766 655 cancellarii,
793 623 826 645 xi
850 609 997 645 kalendas
1029 623 1081 645 au-

332 659 427 704 gusti.
462 659 634 695 indictione
660 672 712 705 111,
734 660 958 695 incarnationis
976 659 1079 695 domi-

332 709 420 743 nicae
455 721 537 744 anno
571 721 736 749 mccxxxV,
772 710 971 757 pontificatus
1006 722 1077 745 vero

330 757 448 792 domini
472 758 559 794 Lucii
583 759 686 806 Papae
707 759 749 794 ΙΙΙ
770 771 852 794 anno
874 772 915 793 1v.

397 815 458 846 Dat.
480 817 527 847 die
549 817 586 848 22
609 817 673 847 iulii
691 826 768 847 anno
786 816 900 848 Domini
925 817 1008 855 1185,

576 861 678 901 pontif.
700 871 776 892 anno
798 870 834 892 iv.

912 255 1098 279 BULLARmM

674 1019 729 1056 Xl.

328 1092 529 1137 Confirmatio
551 1092 699 1127 bonorum
726 1095 862 1127 omnium
883 1100 911 1127 et
933 1095 1073 1128 immuni·

376 1149 472 1176 tatum
489 1143 677 1176 Bellunensis
694 1143 858 1181 Ecclesiae,
874 1143 935 1187 cui,
954 1144 1075 1190 eiusque

373 1193 509 1237 episcopo
543 1192 691 1226 nonnulla
730 1194 933 1227 conceduntur
966 1195 1073 1239 privi-

373 1242 453 1286 leyia
474 1243 531 1284 (1).

591 1314 806 1347 SUMMARIUM

322 1381 488 1413 Exordium.
516 1398 554 1405 —
581 1381 787 1412 Bellunensem
819 1378 980 1413 Ecclesiam
1015 1382 1070 1413 sub

364 1426 449 1458 Sedis
471 1426 657 1466 Apostolicae
683 1427 861 1466 protectione
887 1428 1007 1467 recipit:
1034 1445 1072 1451 -

360 1471 564 1512 Exemptiones
595 1471 771 1509 nonnullas,
794 1481 826 1501 ac
855 1473 1071 1511 praerogativas

362 1516 506 1547 concedit.
533 1533 572 1539 —
593 1516 732 1547 Eiusdem
760 1516 836 1547 bona
865 1516 992 1557 indeque
1023 1517 1071 1547 de-

363 1561 518 1600 pendentia
552 1561 718 1598 consirmat3
736 1577 774 1584 -
790 1560 821 1590 In
841 1560 987 1600 plebibus,
1006 1570 1070 1591 cur-

363 1605 451 1642 tibus,
470 1605 585 1640 castris,
607 1603 737 1645 capelliS,
756 1609 816 1642 etcs,
837 1622 875 1628 -
898 1605 969 1635 Cum
992 1606 1072 1637 deci-

362 1650 417 1680 mis
445 1654 473 1680 et
499 1648 637 1679 omnibus
661 1649 724 1678 suis
747 1649 941 1689 pertinentiis.
961 1667 999 1673 —
1023 1650 1070 1681 Ius

362 1693 568 1730 ordinationis,
586 1693 735 1724 livellatici
752 1694 780 1724 in
797 1694 919 1733 capellis
932 1698 960 1724 et
977 1695 1070 1725 eccle·
1090 1676 1092 1728 l

362 1739 425 1769 siis.
437 1738 634 1777 —Capellam
658 1747 710 1768 seu
723 1739 881 1768 oratorium
899 1739 963 1768 sine
979 1740 1069 1778 episc.
1090 1732 1092 1739 ’

362 1792 485 1814 assensu
505 1784 539 1814 de
558 1792 632 1813 novo
650 1783 783 1813 construi
803 1787 887 1813 vetat.
910 1800 949 1806 —
967 1783 1009 1814 Ab
1028 1786 1070 1814 in-

361 1827 467 1859 debitis
483 1827 623 1858 exactiori.
642 1827 756 1858 liberat.
777 1844 816 1851 -
831 1827 986 1867 Privilegia
1010 1838 1070 1859 om-

360 1872 408 1903 nia
436 1873 598 1903 confirmat.
620 1889 659 1896 —
681 1872 817 1913 Episcopi
836 1873 1009 1904 electionem
1034 1874 1069 1904 ad
1089 1881 1092 1934 ff

360 1917 518 1947 canonicos
549 1916 696 1956 pertinere
726 1916 866 1947 decernit.
894 1933 933 1940 —
961 1917 1092 1948 Solitae1

360 1962 579 1996 conclusiones.
599 1977 639 1984 —
662 1960 744 1991 Lucii
766 1960 819 1991 PP.
838 1965 866 1991 et
889 1960 916 1992 S.
935 1961 967 1992 R.
991 1961 1068 1993 Eccl.

361 2006 472 2038 cardin.
492 2005 736 2046 subscriptiones.

320 2078 414 2110 tuctus
439 2078 580 2116 episcopus
607 2084 703 2108 servus
727 2083 865 2107 servorum
892 2077 948 2111 Dei,
969 2078 1069 2108 dilecto

364 2128 420 2159 mio
432 2129 548 2159 fleret-do
562 2127 730 2158 Benunensis
742 2128 875 2157 Ecclesiae
886 2127 982 2161 electo,
996 2128 1068 2157 eius·
1088 2103 1091 2154 i

364 2186 414 2217 que
445 2178 643 2208 successoribus
666 2177 790 2206 canonice
810 2177 1020 2209 substituendis,
1041 2177 1069 2206 in
1088 2189 1090 2220 3

363 2230 534 2267 perpetuum.

369 2296 502 2339 Quoties
528 2295 620 2331 nobis
655 2295 780 2342 petitur,
813 2294 896 2341 quod
925 2293 1090 2345 religioni·

321 2356 352 2382 et
366 2347 520 2382 honestati
538 2347 731 2381 conveniens
744 2343 949 2390 dignoscitur,
963 2355 1068 2378 animo
1088 2381 1089 2385 Ἰ

322 2408 379 2432 nos
401 2396 490 2431 decet
512 2395 621 2431 libenti
640 2394 825 2438 concedere,
844 2402 874 2428 et
897 2394 1067 2440 petentium
1088 2434 1090 2444 k

322 2446 485 2481 desideriis
508 2457 683 2491 congruum
702 2443 887 2490 suffragium
904 2443 1066 2491 impertiri.
1088 2452 1090 2494 {

321 2495 366 2531 Ea
391 2503 527 2543 propter,
554 2495 668 2530 dilecte
691 2494 722 2529 in
753 2493 890 2528 Domino
914 2493 971 2537 fili,
1007 2493 1068 2528 tuis

322 2545 410 2580 iustis
439 2544 642 2592 petitionibus
676 2544 846 2579 clementer
883 2542 1091 2588 annuimus,}

1127 255 1286 279 ROMANUM
1886 260 1934 287 An.
1953 261 1981 287 C.
2000 261 2068 288 1185

1125 319 1156 347 et
1202 311 1427 347 Bellunensem
1472 313 1645 349 Ecclesiam
1666 342 1674 356 ,
1712 315 1762 350 cui
1802 315 1871 352 Deo
1902 318 2048 356 ⁸⁶¹¹¹¹P0¹¹⁵0m

1124 369 1250 397 auctore
1292 374 1425 408 praeesse
1463 362 1668 409 dignosceris,
1703 364 1762 400 sub
1786 364 1869 403 beati
1883 350 2066 410 giiiiffliiniosiffi

1125 410 1208 446 Petri
1230 419 1260 446 et
1294 419 1397 446 nostra
1432 414 1627 459 protectione
1664 412 1952 465 suscipimusstgfiasse
1991 417 2064 466 Ρῖοξῗῖ

1123 468 1152 496 et
1176 461 1348 507 praesentis
1368 461 1474 508 scripti
1501 462 1662 509 privilegio
1689 465 1867 500 communi·
1905 451 1924 465 ¹⁰
1950 460 1953 464 ’
1974 450 2032 473 ‘⁰⁰¹⁹
2057 461 2063 466 ”

1123 522 1204 545 mus.
1228 510 1263 545 In
1287 510 1396 557 primis
1422 511 1578 558 siquidem
1614 520 1797 555 statuentes,
1835 523 1867 550 ut
1898 524 2047 552 Exemptioues

1122 560 1197 594 nulli
1220 560 1298 595 laico
1337 560 1376 595 de
1409 560 1512 606 terris,
1546 574 1624 609 quas
1656 562 1686 597 iu
1727 571 1790 608 tua,
1818 564 1865 599 vel
1879 556 2062 613 Ἓξᾞζᾛζζζῑηῗ

1121 608 1290 645 Cenetensi
1314 609 1450 645 dioecesi
1473 612 1599 652 excolis,
1622 612 1685 646 sive
1698 612 1736 647 de
1753 613 1865 648 anima·
1919 618 2023 638 mummi*-

1120 659 1197 694 lium
1221 660 1431 701 nutrimentis,
1450 673 1465 695 3
1492 669 1534 705 te,
1557 661 1603 696 vel
1628 662 1865 698 successoribus

1120 709 1180 743 tuis
1202 708 1341 745 decimas
1368 709 1459 745 liceat
1493 718 1689 758 extorquere.
1718 711 1865 747 Decimas

1118 758 1210 793 etiarn
1251 759 1409 795 novalium
1452 760 1483 794 in
1525 767 1579 795 tuo
1608 761 1790 808 episcopatu
1833 771 1864 796 et

1117 808 1202 843 curia
1216 808 1369 856 Opitergii
1384 808 1544 845 laboribus
1554 809 1631 849 suis,
1646 811 1862 858 sumptibusve

1117 858 1273 894 cultorum
1296 858 1501 894 concedimus
1523 867 1552 894 te
1587 859 1714 895 babere.
1746 860 1862 896 Prohi-

1117 907 1229 944 bemus
1251 909 1391 956 insuper,
1420 916 1453 944 ut
1489 909 1566 944 nulli
1605 917 1713 945 contra
1750 910 1862 946 volun-

1116 965 1209 993 tatem
1232 966 1318 994 tuam
1339 958 1431 994 liceat
1452 958 1613 995 Ecclesiae
1635 967 1705 995 tuae
1727 960 1861 996 famulos

1115 1008 1255 1055 recipere
1289 1008 1337 1043 vel
1384 1008 1527 1044 retinere.
1567 1008 1729 1045 Praeterea
1762 1018 1982 1057 quas-'Eiusdem
2000 1019 2057 1040 bona

1114 1069 1250 1105 cumque
1273 1058 1501 1105 possessiones,
1531 1070 1750 1106 quaecumque
1779 1060 1858 1095 bona
1873 1050 1964 1102 ζζῇῗῗέε
1976 1051 2056 1102 {¹31¹}ssss-

1115 1107 1145 1141 in
1169 1108 1416 1154 praesentiarum
1439 1107 1520 1143 iuste
1541 1115 1572 1143 et
1592 1109 1743 1144 canonice
1784 1122 1856 1156 pos-
1872 1115 1928 1138 ΜΗ

1114 1155 1209 1202 sides,
1230 1158 1328 1192 autin
1344 1157 1485 1193 futurum
1506 1157 1742 1194 rationabilibus
1756 1159 1859 1194 modis

1113 1205 1196 1250 (Deo
1239 1207 1393 1255 propitio)
1433 1208 1549 1254 poteris
1583 1206 1726 1255 adipisci,
1768 1208 1856 1244 firma

1115 1255 1181 1299 tibi,
1223 1257 1348 1304 tuisque
1390 1256 1628 1292 successoribus
1677 1264 1708 1292 et
1740 1256 1855 1293 illibata

1115 1313 1326 1352 permaneant.
1369 1305 1403 1341 In
1438 1306 1554 1353 quihus
1595 1306 1673 1341 haec
1721 1307 1857 1355 propriis

1113 1354 1264 1391 duximus
1285 1355 1491 1403 exprimenda
1522 1355 1692 1391 vocabulis.
1727 1355 1856 1392 Plebem

1113 1403 1146 1439 S.
1165 1404 1250 1440 Petri
1277 1405 1316 1441 de
1337 1404 1530 1441 Mussolento
1555 1417 1627 1440 cum
1665 1405 1794 1454 capellis
1828 1415 1859 1442 et

1112 1464 1214 1490 castro
1257 1463 1287 1490 et
1322 1455 1518 1502 pertinentiis
1554 1455 1619 1490 suis
1653 1456 1764 1490 tamin
1790 1457 1857 1503 spi-

1113 1504 1292 1549 ritualibus,
1322 1516 1414 1552 quam
1450 1504 1686 1550 temporalibus.
1726 1504 1856 1541 Plebem

1111 1553 1145 1589 S.
1172 1553 1314 1601 Gregorii
1341 1566 1412 1589 cum
1438 1554 1568 1600 capellis
1591 1554 1667 1589 suis.
1696 1554 1855 1601 Capellam

1112 1603 1146 1639 S.
1174 1603 1257 1639 Petri
1285 1603 1323 1638 de
1345 1603 1444 1638 Tuba.
1469 1603 1629 1652 Capellam
1667 1603 1701 1639 S.
1731 1604 1855 1640 Crucis.

1111 1653 1275 1688 Civitatem
1296 1665 1367 1688 cum
1396 1652 1482 1687 curia
1504 1662 1533 1689 et
1555 1653 1696 1688 dominio
1729 1662 1789 1689 tam
1825 1655 1855 1688 in

1111 1702 1441 1750 spiritualibus,quam
1454 1702 1485 1736 in
1498 1703 1734 1750 temporalibus,
1747 1712 1856 1739 etcum

1112 1754 1204 1793 Auta,
1226 1764 1306 1800 quae
1339 1760 1386 1787 est
1413 1751 1497 1787 iuxta
1519 1753 1684 1787 civitatem.
1711 1752 1856 1788 Castrum

1111 1802 1149 1837 de
1163 1801 1354 1837 Castellione
1375 1813 1445 1836 cum
1470 1801 1561 1850 plebe
1575 1810 1605 1837 et
1632 1802 1760 1848 capellis
1778 1803 1856 1843 suis.

1111 1860 1141 1886 et
1162 1859 1248 1887 curte
1269 1859 1299 1886 et
1321 1850 1518 1898 pertinentiis
1542 1851 1619 1886 suis.
1642 1850 1788 1887 Castrum
1817 1852 1855 1888 de

1111 1901 1254 1936 Medone.
1277 1900 1423 1936 Castrum
1446 1900 1485 1936 de
1511 1900 1636 1948 Agorde
1657 1913 1730 1936 cum
1754 1902 1855 1937 comi—

1110 1959 1174 1987 tatu
1198 1959 1320 1986 etcum
1349 1957 1455 1985 monte
1487 1950 1526 1986 de
1557 1950 1693 1991 Falcata,
1722 1958 1754 1986 et
1786 1951 1856 1987 aliis

1112 2000 1309 2046 pertinentiis
1339 2000 1413 2034 suis.
1450 1999 1648 2035 Medietatem
1687 2001 1780 2036 castri
1805 2001 1856 2037 ·de

1885 1609 1906 1631 ln
1941 1610 2051 1638 plebibus.

1871 1640 1979 1665 curtibus.
2015 1647 2052 1662 ca·-

1870 1673 1932 1698 stris,
1949 1673 2050 1701 capellis.

1871 1706 1913 1724 etc.

1088 2037 1091 2099 l
1110 2050 1270 2090 Zumellis,
1294 2057 1323 2085 et
1344 2049 1392 2084 ius
1418 2049 1635 2091 ordinationis,
1650 2050 1734 2097 quod
1759 2050 1856 2086 habes

1110 2102 1140 2135 in
1164 2100 1283 2147 capella
1304 2100 1406 2146 ipsius
1420 2100 1524 2144 castri,
1537 2107 1568 2134 et
1585 2100 1617 2134 in
1631 2100 1726 2135 cortis
1740 2100 1853 2147 ipsius;

1110 2158 1246 2185 castrum
1265 2149 1299 2185 S.
1327 2148 1452 2195 Georgii
1480 2161 1552 2184 cum
1567 2150 1763 2197 pertinentiis
1777 2150 1852 2185 suis.

1088 2231 1089 2234 ,
1110 2199 1236 2234 Plebem
1271 2198 1311 2233 de
1344 2197 1464 2233 Cadula
1498 2211 1570 2234 cum
1605 2199 1732 2247 capellis
1775 2199 1853 2234 suis.

1087 2257 1090 2289 ε
1111 2248 1240 2284 Pontem
1263 2248 1302 2283 de
1323 2247 1483 2294 Polpecho
1504 2260 1576 2283 cum
1595 2248 1660 2296 ripa
1674 2256 1704 2284 et
1716 2248 1855 2296 pedagiis

1880 2260 1929 2282 Cum
1962 2262 2049 2283 decimi·

1869 2295 1888 2313 et
1900 2293 1995 2314 omuibus
2006 2295 2048 2314 sui·

1868 2326 2009 2351 pertinentiis>

1109 2299 1186 2333 suis.
1210 2298 1338 2333 Plebem
1366 2296 1499 2333 Sanctae
1524 2298 1639 2333 Mariae
1664 2297 1703 2333 de
1731 2298 1854 2347 Alpago

1109 2360 1181 2383 cum
1229 2347 1356 2394 capellis
1388 2347 1465 2391 suis,
1488 2355 1515 2382 et
1555 2347 1738 2383 comitatum
1780 2360 1852 2384 cum

1109 2397 1231 2432 duabus
1252 2397 1394 2441 decimis,
1416 2409 1496 2444 quae
1516 2405 1589 2433 sunt
1610 2398 1640 2431 in
1662 2397 1771 2433 eodem
1798 2411 1854 2433 co-

1110 2448 1230 2481 mitatu.
1281 2445 1451 2481 Castellum
1499 2447 1537 2482 de
1576 2446 1737 2482 Pucenico
1780 2461 1851 2483 cum

1109 2497 1260 2532 comitatu
1293 2497 1480 2532 terminante
1507 2508 1562 2544 per
1584 2497 1698 2531 montis
1719 2498 1853 2533 summi-

1110 2554 1204 2581 tatem
1232 2545 1342 2581 Petrae
1364 2545 1468 2592 Cisae‚
1489 2553 1519 2581 et
1547 2557 1602 2593 per
1623 2555 1775 2591 montem,
1797 2548 1851 2595 qui

357 2619 396 2654 (4)
412 2618 499 2646 Edidit
518 2618 631 2654 Ughe11.‚
650 2619 788 2651 11,at.Sac.‚
803 2621 866 2646 ,om-
879 2626 908 2650 v,
920 2617 1008 2645 ubido
1019 2617 1069 2645 Ec,
1086 2590 1091 2640 i
1109 2595 1223 2631 dicitur
1236 2595 1321 2631 Crux
1332 2595 1457 2641 Ferrea,
1469 2605 1499 2631 et
1515 2595 1726 2631 summitatem
1739 2597 1853 2632 montis

322 2659 415 2688 clesiae
432 2659 510 2686 huius
529 2659 668 2695 episcopis.

1087 2644 1239 2680 'caballi
1263 2644 1418 2693 Campum
1451 2645 1576 2680 Sittium
1613 2645 1694 2681 inter
1723 2645 1851 2681 eosdem
