2129 3223
388 242 456 275 594

338 319 419 352 gone
445 306 484 341 de
511 306 722 353 settenguen,
759 307 874 343 Albuin
912 308 951 343 de
985 309 1083 343 Plun-

338 368 413 402 ges,
453 364 482 390 et
523 355 669 404 Philippo
707 357 745 392 de
778 357 913 392 Mombis
947 368 976 394 et
1013 359 1082 393 aliis

338 405 492 451 pluribus.
535 405 620 441 Haec
662 416 766 442 autem
813 408 967 454 completa
1009 416 1081 442 sunt

336 467 444 489 mense
471 455 544 490 maii
566 455 618 491 die
645 457 784 491 seeundo
807 457 950 492 intrante.

384 504 466 539 Nulli
501 517 576 551 ergo
619 506 748 541 omnino
786 507 949 542 hominum
988 507 1080 542 liceat

335 553 414 588 lianc
447 555 591 601 paginam
623 565 747 591 nostrae
778 556 1027 591 confirmationis
1049 565 1079 591 et

335 603 482 638 iussionis
500 605 682 652 infringere,
704 605 752 641 vel
767 606 794 640 ei
812 618 890 640 ausu
913 606 1079 640 temerario

333 653 497 688 contraire.
537 654 571 689 Si
605 656 678 703 quis
709 664 813 691 autem
846 656 905 690 hoc
927 663 1078 690 attentare

332 704 598 750 praesumpserit,
642 704 889 752 indignationem
931 705 1078 752 omnipo-

330 752 425 787 tentis
446 752 526 798 Dei,
559 763 589 788 et
623 754 785 789 beatorum
820 754 904 789 Petri
936 762 966 789 et
987 753 1077 789 Pauli

328 802 544 849 apostolorum
571 803 640 839 eius
660 816 694 839 se
718 805 838 838 noverit
862 804 1076 838 incursurum.

377 851 492 887 Datum
534 853 683 900 Signiae,
725 853 866 888 secundo
898 865 997 888 nonas
1032 866 1078 888 se-

327 902 493 948 ptembris,
516 903 715 950 pontificatus
737 904 835 937 nostri
857 915 940 937 anno
954 911 1074 938 octavo.

366 963 427 994 Dat.
451 965 496 994 die
518 964 536 993 4
568 970 688 1004 septem.
706 964 796 1001 1223,
814 970 892 1004 pont.
911 974 957 994 an.
976 973 1035 994 vm.

144 251 194 277 An.
211 250 238 276 C.
258 250 325 276 1225

171 550 287 571 counitae,

639 1114 762 1150 LXVlI.

326 1193 518 1238 Approbatio
553 1193 677 1236 reyulae
718 1199 744 1224 et
784 1192 902 1224 ordinis
941 1192 1074 1236 fratrum

492 1243 644 1276 minorum
671 1243 705 1276 S.
735 1242 901 1275 Francisci.

591 1314 807 1345 SUMMARtUM

325 1377 492 1407 Exordium.
509 1394 548 1400 -
566 1377 751 1416 Approbatur
765 1377 792 1406 d.
809 1376 967 1414 regula.-
979 1376 1017 1404 De
1028 1384 1075 1405 re-

365 1422 510 1461 cipiendis
533 1423 562 1451 in
573 1422 734 1451 ordine.-
746 1421 920 1450 Prohibetur
937 1420 1074 1449 fratribus

365 1465 522 1496 solicitudo
541 1466 576 1495 de
595 1465 680 1495 bonis
698 1466 885 1495 novitiorum.
897 1481 934 1487 —-
949 1464 1073 1494 Habitus

363 1510 550 1540 novitiorum.
571 1526 610 1531 —
629 1508 784 1538 Professus
807 1509 992 1539 retrocedere
1018 1518 1072 1538 ne-

363 1563 510 1594 quaquam
535 1555 635 1593 pessit.
653 1570 693 1576 —-
713 1553 835 1583 Habitus
861 1554 1072 1593 professorum.

374 1615 414 1621 —-
431 1598 493 1628 Non
519 1598 702 1636 despiciendi
722 1598 836 1628 divites.
858 1615 896 1621 —
914 1597 953 1627 De
976 1599 1073 1628 divino

363 1644 468 1678 officio,
491 1648 519 1673 et
542 1643 664 1680 ieiunio,
683 1648 710 1673 et
728 1643 874 1682 quomodo
903 1643 1006 1673 fratres
1030 1645 1073 1674 ire

364 1688 489 1718 debeant
511 1696 563 1726 per
584 1688 737 1717 mundum.
759 1705 798 1710 —
819 1687 899 1723 Quae
932 1688 1074 1718 itineran-

339 1733 442 1762 -tibus
462 1733 617 1762 servanda.
634 1749 673 1754 —
688 1731 770 1768 Quod
790 1732 894 1762 fratres
917 1742 974 1762 non
999 1734 1073 1763 reci-

364 1777 446 1815 piant
471 1778 634 1816 pecuniam.
655 1793 692 1797 —
708 1776 746 1806 De
765 1778 849 1807 modo
862 1777 1075 1807 laborandi.—

364 1821 437 1858 Quid
450 1831 501 1861 pro
515 1821 613 1851 labore
625 1821 837 1859 recipiendum.
855 1837 894 1843 -
905 1821 987 1856 Quod
1001 1822 1073 1851 nihil

364 1867 422 1896 sibi
445 1866 633 1906 approprient
649 1865 763 1900 fratres,
785 1870 812 1894 et
828 1866 863 1896 de
889 1866 1073 1905 eleemosyna

365 1912 499 1949 petenda,
521 1915 550 1940 et
571 1911 605 1940 de
637 1909 776 1939 fratribus
809 1911 944 1940 infirmis.
966 1927 1005 1932 -—
1036 1910 1074 1940 De

367 1955 545 1993 poenitentia
570 1954 761 1993 peccantibus
781 1954 967 1993 imponenda.
983 1971 1022 1976 —
1038 1955 1074 1983 De

364 1999 509 2029 electione
544 1998 691 2036 generalis
724 1998 860 2027 ministri.
891 2015 930 2020 —
956 1998 1074 2037 lneptus

364 2043 528 2073 ministerio
563 2043 761 2081 deponendus.
795 2059 830 2064 —
853 2042 1074 2072 Praedicatores

364 2097 431 2118 cum
457 2087 642 2127 beneplacito
675 2087 806 2126 episcopi
841 2088 1019 2127 praedicent.
1037 2104 1076 2110 —

364 2131 403 2162 De
425 2133 625 2162 admonitione
659 2136 686 2161 et
724 2132 906 2161 correctione
942 2131 1074 2161 fratrum.

365 2193 404 2199 -
428 2176 490 2206 Non
514 2177 676 2206 curandum
700 2175 825 2205 nimium
845 2176 879 2205 de
909 2176 1013 2205 literis.
1038 2189 1076 2197 -—

366 2221 447 2258 Quod
471 2221 576 2251 fratres
593 2230 650 2250 non
670 2221 874 2258 ingrediantur
897 2221 1073 2249 monasteria

366 2267 587 2296 monacharum.
605 2282 644 2288 —-
659 2264 774 2295 ldoneis
785 2264 970 2294 concedenda
985 2264 1077 2293 licen-

366 2312 404 2341 tia
416 2311 504 2342 eundi
523 2312 553 2341 in
564 2316 656 2341 terras
673 2310 846 2340 infidelium.
861 2308 1075 2338 -Clausulae.

327 2378 458 2407 Honorius
469 2378 609 2414 episcopus
626 2384 721 2407 servus
740 2382 880 2405 servorum
893 2375 949 2406 Dei,
969 2373 1078 2403 dilectis

372 2428 436 2456 filiis
461 2427 548 2456 fratri
566 2428 716 2460 Franciscm
748 2429 778 2455 et
796 2427 859 2455 aliis
882 2424 1019 2454 tratribus
1046 2423 1078 2451 de

373 2478 466 2506 ordine
485 2477 609 2506 fratrum
627 2476 900 2510 minorum.sa1utem
918 2476 949 2503 et
967 2474 1076 2510 aposto-

374 2527 454 2556 licam
469 2527 692 2557 benedictionem.

926 255 1025 277 BULLA
1031 255 1062 277 Rt
1068 255 1110 277 Um
1135 255 1293 278 ROMANUM

1883 253 1932 279 An.
1950 251 1980 278 C.
1995 252 2063 279 ¹225

1123 308 1257 343 savorem
1281 308 1465 344 benevolum
1487 310 1649 356 impartiri.
1669 309 1712 344 Ea
1728 318 1865 356 propter,

1122 358 1226 392 dilecti
1252 358 1283 393 in
1306 358 1442 394 Domino
1468 359 1535 399 lilii,
1562 360 1672 394 vestris
1707 360 1766 406 piis
1788 371 1866 406 pre-

1121 407 1213 442 cibus
1234 407 1384 449 inclinati,
1406 409 1524 443 ordinis
1554 410 1643 444 vestri
1685 409 1821 455 regulam
1849 422 1864 442 a
1892 415 2022 442 Arvrobatur
2041 415 2060 435 d·

1121 456 1220 492 bonae
1243 458 1410 492 memoriae
1432 458 1614 494 Innocentio
1646 458 1732 505 Papa
1775 446 1958 505 prae-¹⁹⁸⁸*

1120 507 1284 542 decessore
1311 516 1417 542 nostro
1438 508 1654 555 approbatam,
1686 516 1863 542 annotatam

1121 556 1348 602 praesentibus,
1370 558 1556 592 auctoritate
1582 557 1670 592 vobis
1695 557 1865 604 apostolica

1120 605 1354 647 confirmamus,
1376 617 1405 641 et
1433 607 1606 652 praesentis
1627 606 1734 653 scripti
1761 615 1866 654 patro-

1119 656 1204 689 cinio
1226 656 1469 690 commuuimus.
1497 655 1585 697 Quae
1612 656 1681 691 talis
1703 665 1760 691 est.

1329 747 1368 779 In
1389 747 1510 779 nomine
1537 746 1675 779 Domini.

1229 818 1342 863 Incipit
1362 819 1467 862 reyula
1493 826 1519 851 et
1539 819 1603 851 vita
1634 820 1768 862 fratrum

1411 868 1579 901 Minorum.

1428 938 1508 974 CAP.
1531 938 1554 973 l.

1166 1009 1285 1056 Regula
1307 1018 1338 1044 et
1359 1010 1419 1044 vita
1443 1010 1572 1045 fratrum
1591 1010 1751 1045 Minorum
1787 1010 1863 1046 haee

1116 1068 1174 1098 est,
1202 1059 1324 1094 scilicet
1345 1059 1472 1094 Domini
1500 1060 1597 1094 nostri
1639 1059 1710 1094 lesu
1745 1059 1862 1095 Christi

1116 1117 1256 1143 sanctum
1279 1108 1483 1155 Evangelium
1511 1109 1689 1149 observare,
1728 1110 1862 1144 vivendo

1116 1157 1146 1192 in
1166 1158 1358 1202 obedientia,
1380 1159 1449 1193 sine
1472 1159 1610 1206 proprio,
1636 1167 1667 1194 et
1697 1161 1730 1194 in
1764 1159 1863 1194 casti-

1116 1216 1188 1242 tate.
1237 1207 1344 1243 Frater
1381 1208 1570 1243 Franciscus
1603 1208 1755 1255 promittit
1785 1208 1863 1243 obe-

1116 1257 1264 1301 dientiam
1287 1266 1317 1292 et
1356 1258 1561 1293 reverentiam
1596 1257 1724 1293 domino
1759 1257 1862 1305 Papae

1115 1306 1255 1342 Honorio
1282 1320 1317 1342 ac
1339 1307 1575 1343 successoribus
1600 1308 1670 1342 eius
1711 1308 1862 1342 canonice

1116 1357 1315 1398 intrantibus,
1338 1366 1368 1392 et
1390 1357 1549 1392 Ecclesiae
1564 1357 1735 1392 Romanae.
1751 1357 1791 1392 Et
1809 1356 1860 1392 alii

1116 1406 1224 1441 fratres
1245 1415 1412 1441 teneantur
1432 1406 1516 1441 fratri
1539 1406 1708 1441 Francisco
1741 1416 1772 1442 et
1794 1407 1862 1442 eius

1115 1455 1349 1490 successoribus
1371 1456 1509 1490 obedire.

1419 1527 1497 1562 CAP.
1522 1527 1558 1561 ll.

1163 1598 1196 1633 Si
1211 1599 1264 1644 qui
1281 1598 1435 1633 voluerint
1449 1598 1529 1632 hanc
1552 1599 1645 1633 vitam
1659 1600 1812 1646 accipere,
1830 1607 1860 1633 et

1114 1649 1255 1682 venerint
1276 1648 1312 1682 ad
1336 1648 1443 1682 fratres
1471 1657 1609 1692 nostros,
1646 1649 1773 1684 mittant
1806 1661 1860 1683 eos

1114 1697 1151 1731 ad
1180 1710 1255 1731 suos
1290 1697 1449 1732 ministros
1489 1697 1709 1744 provinciales,
1744 1697 1860 1745 quibus

1114 1746 1325 1790 solummodo,
1338 1756 1368 1780 et
1390 1758 1451 1781 non
1468 1747 1549 1790 aliis,
1564 1746 1672 1782 fratres
1688 1747 1859 1795 recipiendi

1115 1796 1238 1830 licentia
1264 1796 1463 1830 concedatur.
1505 1796 1638 1831 Ministri
1678 1809 1750 1831 vero
1788 1797 1861 1831 dili-

1114 1854 1223 1892 genter
1249 1845 1428 1879 examinent
1449 1858 1504 1879 eos
1526 1846 1564 1879 de
1588 1845 1648 1880 lide
1684 1846 1835 1881 catholica
1853 1875 1860 1885 ,

1115 1904 1144 1929 et
1178 1895 1400 1929 ecclesiasticis
1426 1895 1640 1930 sacramentis.
1667 1895 1708 1930 Et
1736 1897 1761 1929 si
1785 1897 1860 1931 liare

1116 1944 1220 1978 omnia
1239 1944 1379 1984 credant,
1401 1953 1431 1978 et
1459 1944 1556 1978 velint
1576 1957 1612 1979 ea
1634 1944 1767 1979 fideliter
1784 1957 1861 1980 con-

1116 1993 1206 2036 fiteri,
1230 2002 1261 2026 et
1284 2006 1382 2040 usque
1404 1994 1434 2027 in
1458 1994 1551 2029 linem
1586 1993 1714 2028 firmiter
1751 1994 1860 2029 obser-

1118 2056 1199 2087 vare,
1220 2051 1249 2077 et
1274 2056 1385 2077 uxores
1406 2055 1469 2077 non
1498 2043 1642 2082 habeant,
1671 2043 1715 2078 vel
1743 2045 1768 2078 si
1797 2044 1860 2078 lia-

1116 2092 1210 2132 bent,
1243 2102 1271 2126 et
1315 2093 1536 2127 monasterium
1578 2093 1638 2127 iam
1681 2094 1860 2128 intraverint

1118 2153 1240 2183 uxores,
1257 2142 1302 2176 vel
1318 2142 1476 2176 licentiam
1499 2142 1544 2177 eis
1570 2142 1725 2182 dederint,
1755 2151 1862 2176 aucto-

1117 2192 1206 2226 ritate
1220 2191 1395 2226 dioecesani
1412 2192 1548 2238 episcopi
1567 2199 1636 2226 voto
1650 2192 1860 2226 continentiae

1118 2241 1176 2274 iam
1204 2241 1330 2282 emisso,
1353 2250 1383 2275 et
1405 2241 1489 2275 illius
1511 2241 1573 2275 sint
1594 2240 1702 2275 aetatis
1736 2253 1858 2280 uxores,

1117 2291 1199 2337 qnod
1224 2303 1285 2324 non
1315 2290 1411 2337 possit
1437 2290 1475 2324 de
1507 2291 1552 2324 eis
1590 2291 1662 2325 oriri
1697 2290 1859 2337 suspicio,

1117 2340 1222 2374 dicant
1261 2340 1322 2374 illis
1364 2340 1490 2374 verbum
1537 2339 1635 2374 sancti
1674 2338 1834 2386 Evangelii
1853 2369 1859 2378 ,

1117 2389 1201 2436 quod
1225 2389 1335 2423 vadant
1357 2397 1387 2423 et
1414 2388 1549 2424 vendant
1566 2388 1670 2423 omnia
1691 2400 1747 2423 sua
1766 2389 1859 2429 bona,

1117 2447 1146 2473 et
1169 2451 1203 2473 ea
1218 2438 1366 2473 studeant
1389 2438 1577 2486 pauperibus
1597 2449 1735 2484 erogare.
1765 2437 1858 2480 Quod

1117 2489 1142 2522 si
1167 2488 1266 2523 facere
1289 2500 1351 2522 non
1378 2488 1549 2535 potuerint,
1571 2487 1684 2522 sufficit
1710 2487 1756 2521 eis
1779 2489 1859 2523 bona

1887 1604 1916 1626 Do
1929 1606 2056 1632 recipiendi·

1874 1638 1893 1656 in
1910 1637 1990 1658 ordine,

1118 2537 1270 2572 voluntas.
1299 2537 1338 2572 Et
1364 2545 1492 2580 caveant
1526 2536 1646 2578 fratres,
1679 2544 1708 2571 et
1747 2548 1857 2572 eorum
1884 2548 2054 2570 inordinaria-

1872 2580 1937 2601 tribus
1980 2580 2054 2601 solici-

381 2588 467 2624 Solet
498 2603 637 2627 annuere
665 2590 765 2626 Sedes
802 2589 983 2637 Apostolica
1017 2599 1076 2636 pus
1118 2587 1260 2628 ministri,
1283 2599 1322 2622 ne
1343 2587 1454 2622 soliciti
1497 2585 1559 2620 sint
1588 2585 1626 2620 de
1665 2585 1758 2620 rebus
1791 2587 1858 2622 suis
1871 2611 1921 2631 md„
1945 2612 1970 2632 de
1993 2611 2053 2632 bon„

166 2647 283 2671 suro-m.
333 2639 420 2680 votis,
462 2647 492 2674 et
525 2640 665 2677 honestis
704 2641 877 2688 petentium
913 2638 1077 2675 desideriis
1119 2636 1354 2685 temporalibus,
1377 2645 1409 2671 ut
1435 2635 1532 2670 libere
1558 2634 1670 2670 saciant
1695 2635 1734 2670 de
1766 2636 1867 2671 rebus
