2129 3223
93 1680 113 1700 η

167 294 215 318 An.
235 291 264 318 C.
279 291 347 318 1265

179 796 250 815 Ᾱιίιηιι
292 798 347 817 inter

164 827 237 847 suiten»
253 828 345 848 camitem

164 862 183 877 et
200 858 293 877 carritum
306 859 348 878 An·
360 853 378 886 q

163 889 255 909 des=ven
276 890 301 909 tte
312 895 348 910 eo-

164 921 209 940 deni
225 926 289 946 regno
306 921 346 947 ipsi

163 951 307 972 coneedendo.

179 1687 293 1709 Jliindatum
306 1690 347 1709 ita-

164 1726 203 1745 que
215 1720 316 1745 ‹teti-gatis
326 1727 348 1740 a·

165 1750 293 1776 piilellt'tsit
304 1750 348 1771 cie-

164 1787 189 1799 m·
199 1785 233 1800 iiie
245 1786 265 1800 ui
280 1782 346 1807 ipsum

164 1812 297 1831 investirent,

184 2519 261 2537 Militis
274 2522 348 2543 itaque,

192 2548 324 2573 impletisque

175 2578 329 2598 coi-<titionibus
340 2594 345 2602 ,

170 2616 216 2629 curn
248 2609 351 2630 iuventte-

171 2644 224 2660 runt.

411 279 480 313 746

361 358 430 380 esse
471 344 682 390 dignoscitur,

361 394 589 429 ordinationem
613 392 704 427 Sedis
726 392 938 439 Apostolicae
954 392 990 426 ad
1014 404 1129 439 quam

361 444 538 490 specialiiei
562 443 708 489 pertinet,
736 443 839 489 plene
852 454 887 477 ac
927 441 1021 476 libere
1052 441 1129 478 de-

360 493 485 532 volutis,
508 491 609 527 Sedes
641 492 704 539 ipsa
744 492 874 526 obtentu
919 491 1107 531 devotionis,

360 605 430 626 nam
456 591 553 635 fulget
574 590 763 633 Et-ctesiam,
785 599 815 625 et
843 603 897 637 pro
920 590 991 624 fidei
1020 590 1108 635 puri-

361 650 433 681 tate,
462 653 521 689 qna
555 641 850 676 christianissimum
885 652 985 686 genus
1018 648 1106 675 tuum

361 703 487 738 semper
509 691 648 725 noscitur
674 691 835 727 clai-uisse
860 700 1014 736 perpenso
1036 701 1109 723 con-

360 741 431 775 silio
458 740 646 786 disposuerit
668 740 705 774 ad
730 739 851 774 laudem
882 738 955 781 Dii,
986 746 1017 773 et
1051 737 1109 772 ho-

362 802 469 824 norem
493 799 520 824 et
546 802 652 836 pacem
677 789 776 836 ipsius
798 788 968 830 Eccltsiue,
983 796 1013 822 et
1029 796 1108 822 trau-

385 840 545 874 iiillitatom
574 847 604 874 et
638 838 809 885 profectum
846 837 984 872 fidelium
1019 837 1106 884 regni

360 889 514 933 eiusdem,
549 888 587 923 de
622 900 718 934 regno
757 888 826 934 ipso
859 899 1023 933 pei-sonam
1072 898 1108 921 ac

359 938 488 973 domum
523 947 608 972 tuam
644 938 759 983 regiam
796 937 968 981 honorare,
996 936 1108 970 habitis

359 987 566 1035 diligentibus
587 996 618 1022 et
639 987 771 1022 diutinis
793 987 874 1020 inter
911 994 941 1021 te
979 993 1010 1020 et
1044 985 1108 1020 Se-

359 1037 430 1072 dem
467 1036 609 1072 eamdem
655 1035 851 1076 tractatibus,
882 1035 921 1070 de
949 1034 1108 1083 praedicto

361 1099 456 1133 tegno
492 1095 521 1121 et
544 1094 622 1121 terra
657 1086 687 1120 in
726 1063 853 1120 seudtini
883 1085 937 1119 tibi
981 1093 1012 1119 et
1046 1085 1108 1119 tuis

359 1123 548 1171 liaeiedilius
585 1135 809 1175 concedendis;
843 1146 901 1169 nos
922 1133 960 1168 ad
984 1134 1106 1168 finalem

360 1186 665 1221 consummationem
696 1184 879 1219 eorumdem
919 1191 1129 1221 tractatuum;

1128 1232 1297 1267 ¹omnibus
1339 1231 1589 1267 districtionibus
1629 1240 1659 1267 et
1700 1233 1897 1280 pertinentiis

359 1285 489 1320 sii-miter
506 1284 692 1330 dirigentes,
723 1283 846 1319 dilectis
882 1282 955 1317 filiis
993 1283 1129 1326 nostris}

360 1236 475 1282 negotii
504 1235 590 1281 regni
618 1233 765 1281 praedicti
795 1242 938 1269 nostrum
965 1233 1105 1268 animum

358 1334 513 1369 Anil›·ildo
542 1328 686 1369 basilicae
716 1332 892 1367 Duodecim
932 1332 1109 1378 Apostolo-

359 1396 427 1418 rum
452 1383 644 1431 presbytero,
672 1381 827 1417 Riccardo
853 1381 959 1416 Sancti
984 1380 1107 1427 Angeli,

358 1432 466 1468 Ioanni
484 1433 590 1467 Sfliiitti
611 1432 752 1467 Nicolai
748 1444 776 1465 in
800 1431 934 1466 Carcere
949 1430 1108 1475 Tulliano,

360 1493 386 1515 ei
410 1481 523 1517 Iacobo
550 1482 682 1517 Sanctae
717 1480 860 1515 Mariae
854 1492 884 1514 tn
920 1480 1107 1523 Cosmedin,

359 1532 500 1566 ‹liat-onis
521 1530 743 1574 cardinalibus,
764 1529 910 1564 dedimus
937 1529 1053 1563 litteras
1076 1529 1106 1562 in

361 1580 524 1623 mandatis,
548 1589 580 1615 ut
612 1580 697 1614 iuxta
737 1579 936 1613 conditiones
978 1585 1008 1613 et
1044 1577 1108 1612 foi·-

361 1643 441 1664 mam
466 1630 533 1671 tihi,
562 1641 618 1677 pei·
651 1628 857 1663 venerabilem
885 1627 1009 1662 fratrem
1051 1640 1108 1661 no-

360 1689 458 1715 strum
482 1679 517 1714 B.
541 1678 811 1724 archiepiscopum
836 1677 1045 1712 Cusentinum
1078 1685 1108 1711 et

361 1728 510 1763 dilectum
535 1729 632 1763 lilium
657 1729 837 1774 iiiag'istt·iini
856 1726 986 1761 Petrum
1019 1734 1108 1760 nota-

362 1780 442 1812 rium
476 1787 630 1816 nostrum,
663 1785 873 1824 praesentatas
907 1780 1000 1822 (quas
1032 1787 1109 1809 con·-

360 1827 494 1862 ditiones
546 1835 577 1862 et
609 1826 758 1866 sormam,
794 1833 824 1860 et
846 1834 983 1860 nostiam
1014 1837 1109 1871 super

359 1877 442 1912 dit-to
478 1877 603 1922 negotio
641 1875 872 1918 diffinitionem,
899 1875 1019 1921 aliaque
1048 1874 1106 1920 ipsi

359 1935 534 1971 oppOttuna
584 1925 731 1972 negotio,
773 1924 832 1960 sub
873 1923 957 1958 bulla
1006 1933 1106 1957 nosti-‘i

359 1976 476 2010 eisdem
531 1973 744 2009 cardinalibus
785 1974 1020 2017 miseramus),
1070 1972 1107 2006 ad

361 2025 529 2071 plenariam
568 2023 786 2059 executionem
823 2023 890 2057 eius
924 2021 1038 2068 negotii
1074 2029 1104 2056 et

360 2075 397 2109 ad
424 2073 620 2108 collationem
662 2081 693 2107 et
724 2072 938 2106 investituram
981 2071 1036 2106 tibi
1070 2071 1109 2105 de

362 2123 523 2171 praedicto
545 2134 642 2169 regno
663 2122 847 2156 auctoritate
870 2128 973 2155 nostra
997 2119 1110 2154 facien-

360 2172 431 2208 dam
467 2171 634 2207 efficaciter
671 2172 840 2218 procedere
882 2177 1109 2217 procurarent,

361 2234 509 2257 concessa
547 2220 666 2256 eisdem
707 2232 760 2266 pei·
798 2220 895 2254 dictas
939 2218 1057 2253 litteras
1092 2231 1107 2254 a

362 2271 451 2306 nobis
472 2271 537 2305 de'
531 2283 671 2317 ipsorum
694 2268 822 2304 fratrum
847 2268 979 2303 consilio
1000 2277 1029 2302 et
1057 2280 1110 2303 as-

362 2332 455 2355 sensu
482 2319 671 2367 procedendi
707 2320 743 2352 ad
780 2317 1108 2361 consummationem,

362 2370 573 2413 collitionem,
592 2368 803 2403 intestituram
821 2367 1001 2402 huiusmodi
1017 2366 1108 2414 plena

363 2427 392 2453 ct
420 2418 514 2453 libita
540 2426 704 2464 potestate.

412 2472 476 2512 §2
499 2467 561 2510 Qui
585 2467 819 2502 considerantes
831 2465 867 2499 ad
893 2464 1108 2499 diffinitionem

366 2517 554 2563 praedictam
573 2529 588 2551 a
613 2517 702 2551 nohis
723 2528 817 2562 super
838 2515 911 2549 dicti
940 2514 1025 2560 regni
1051 2525 1110 2547 nc-

365 2567 448 2611 gotio
469 2566 596 2609 editam,
625 2574 741 2609 nostra,
768 2573 795 2599 et
824 2564 951 2598 fratrum
989 2572 1110 2598 nostro-

368 2627 435 2649 rum
463 2615 750 2662 subscriptionibus
776 2621 807 2648 et
842 2613 949 2657 bulla,
988 2624 1108 2647 necnon

367 2665 548 2700 eorumdem
572 2665 699 2699 fratrum
722 2663 832 2710 sigillis
856 2664 893 2698 ad
927 2670 1109 2709 pei-petuam
1129 2691 1134 2708 ἦ

958 287 1144 311 BULLAluuM
1171 288 1331 311 conanum

723 341 759 377 ad
799 342 1036 388 dispositionem
1079 350 1109 376 et
1127 344 1130 384 l
1150 342 1330 376 memoriam
1349 341 1534 377 roboratam.
1558 350 1587 376 et
1604 342 1696 378 etiarn
1720 341 1893 389 praedictas

1127 388 1347 427 conditiones
1385 400 1415 426 et
1463 379 1593 426 sormam
1629 404 1683 438 per
1717 391 1892 439 praedictos

1148 441 1420 488 archiepiscopum
1444 449 1473 476 et
1497 442 1652 477 notarium
1671 441 1726 475 tihi
1748 452 1787 476 ex
1809 449 1895 489 parte

1127 494 1253 526 (nosti-a
1291 491 1461 526 novissime
1500 499 1722 538 praesentatas,
1753 503 1789 526 ac
1821 490 1895 525 dili-

360 555 419 589 qua
445 554 575 589 persona
605 551 657 576 tua
684 553 755 587 erga
785 541 971 588 praedictam
996 540 1129 575 Romaa

1148 541 1273 585 gentius
1294 541 1502 584 attendentes,
1529 540 1612 587 qnod
1635 548 1682 580 ea,
1710 552 1790 588 quae
1824 549 1895 575 ante

1148 590 1451 625 consummationem
1492 589 1639 636 praedicti
1681 591 1797 635 negotii
1839 590 1893 625 tibi

1150 639 1289 674 facienda
1327 647 1357 674 et
1391 639 1549 686 implenda
1586 638 1832 684 incumbebant,
1865 649 1893 674 et

1150 687 1246 723 forma
1276 689 1430 735 praedicta
1455 701 1509 736 per
1531 697 1561 723 te
1583 688 1659 723 facia
1683 688 1826 733 fuerant,
1864 697 1896 724 et

1148 738 1240 772 etiam
1269 738 1436 784 adimpleta
1472 737 1509 772 ad
1550 738 1717 784 plenariam
1753 737 1894 773 eiusdem

1150 787 1263 833 negotii
1303 788 1501 822 collationem
1537 797 1567 822 et
1607 787 1821 822 investituram
1850 787 1895 822 fa-

1148 836 1290 871 ciendam
1314 836 1368 871 tibi
1392 837 1430 872 ile
1452 849 1547 884 regno
1566 844 1596 871 et
1618 837 1707 871 terris
1730 837 1895 883 praedictis

1149 886 1232 920 iuxta
1252 887 1412 933 praestitas
1439 886 1659 926 conditiones,
1687 895 1716 921 et
1750 886 1895 921 mandato

1150 945 1256 970 nostro
1290 944 1321 970 et
1339 943 1491 983 potestate
1506 935 1563 972 sibi
1587 947 1682 983 super
1704 937 1762 971 hoc
1784 935 1894 971 tradita

1149 992 1380 1032 processerunt,
1403 985 1522 1032 tibique
1549 993 1648 1020 totum
1672 997 1804 1032 reguum
1844 984 1896 1020 Si-

1149 1035 1235 1068 ciliae
1262 1042 1292 1069 et
1322 1042 1418 1069 totam
1450 1042 1587 1077 terram,
1625 1047 1705 1081 quae
1737 1042 1784 1070 est
1818 1036 1895 1070 citra

1149 1083 1298 1123 Pharum,
1327 1091 1428 1131 usque
1454 1083 1491 1119 ad
1514 1084 1648 1119 confinia
1688 1092 1786 1119 terrae
1806 1096 1896 1131 prae-

1148 1133 1249 1168 dictae
1271 1133 1432 1168 Romanae
1459 1133 1630 1176 Ecclesiae,
1652 1142 1781 1180 excepta
1816 1134 1896 1169 civi-

1149 1190 1210 1217 tate
1237 1183 1456 1218 Beneventana
1484 1195 1554 1217 cum
1582 1190 1647 1219 toto
1681 1183 1832 1218 territorio
1865 1192 1896 1218 et

1149 1282 1213 1316 suis
1236 1294 1291 1329 per
1311 1281 1489 1316 Romanum
1513 1281 1698 1316 Pontificem
1726 1282 1895 1321 distractis,

1151 1331 1194 1365 vel
1219 1332 1248 1365 in
1273 1340 1431 1378 posterum
1456 1331 1678 1375 distrahendis,
1708 1343 1800 1378 quam
1837 1331 1895 1366 sibi

1150 1380 1289 1415 Ecclesia
1312 1380 1453 1416 Romana
1478 1392 1576 1427 usque
1598 1381 1636 1415 ad
1659 1389 1786 1428 tempus
1812 1381 1894 1416 istud

1151 1430 1316 1464 retinuisse
1337 1438 1368 1465 et
1403 1442 1579 1465 reservasse
1613 1430 1828 1476 dignoscitur,
1866 1439 1896 1466 et

1149 1487 1224 1513 tunc
1246 1479 1338 1514 etiam
1360 1492 1508 1526 expresse
1532 1480 1671 1524 retinuit,
1690 1488 1721 1514 et
1741 1479 1779 1515 ad
1801 1492 1895 1515 suum

1149 1528 1322 1563 dominium
1353 1529 1532 1568 reservavit,
1559 1529 1612 1563 tihi
1637 1529 1666 1563 in
1684 1529 1812 1564 seudum
1830 1542 1896 1576 per-

1150 1586 1243 1624 petuo
1267 1579 1389 1624 tuisque
1416 1577 1602 1612 haeredibus
1628 1590 1664 1612 ex
1692 1586 1721 1612 te
1755 1578 1893 1624 legitime

1149 1627 1415 1662 descendentibus
1437 1626 1629 1674 praedictum
1644 1627 1895 1662 consummando

1149 1676 1311 1723 negotium
1349 1676 1409 1710 sul)
1445 1676 1612 1722 praedictis
1660 1676 1895 1712 conditionibus

1150 1726 1203 1759 tibi
1228 1725 1350 1772 plenius
1376 1725 1534 1773 expressis
1555 1733 1586 1760 et
1607 1726 1757 1772 expositis
1785 1725 1891 1761 coufe-

1150 1783 1252 1809 rentes
1279 1774 1370 1808 etiarn
1387 1783 1415 1809 et
1438 1774 1649 1809 concedentes
1676 1775 1894 1815 investierunt,

1149 1832 1179 1858 et
1201 1835 1258 1871 per
1281 1823 1426 1858 vexillum
1461 1823 1621 1859 Ecclesiae
1649 1825 1896 1871 praesentialiter

1149 1873 1188 1907 de
1211 1873 1330 1908 eisdem
1352 1885 1368 1906 a
1396 1881 1424 1907 te
1459 1873 1523 1907 vice
1546 1881 1650 1907 nostra
1668 1881 1698 1907 et
1720 1873 1896 1920 praedictae

1150 1922 1309 1957 Romanae
1335 1921 1495 1958 Ecclesiae
1530 1922 1687 1958 fidelitatis
1721 1925 1896 1958 iuramento

1150 1980 1275 2018 recepto
1297 1972 1380 2006 iuxta
1404 1971 1533 2006 formant
1568 1972 1599 2006 in
1634 1972 1751 2007 eisdem
1785 1972 1896 2007 conili-

1150 2020 1288 2055 tionibus
1326 2021 1598 2067 comprehensam,
1625 2022 1802 2067 receptione
1835 2021 1897 2057 ho-

1150 2071 1256 2116 magii,
1283 2069 1367 2115 quod
1396 2071 1512 2104 teneris
1547 2070 1637 2105 nobis
1663 2079 1690 2104 et
1717 2071 1819 2106 dictae
1834 2070 1896 2106 Ec-

1149 2119 1261 2154 clesiae
1288 2119 1430 2159 reddere,
1459 2119 1550 2154 nobis
1586 2120 1763 2166 specialiter
1795 2132 1896 2155 reser—

1150 2179 1215 2204 vata
1233 2196 1240 2209 ,
1276 2176 1368 2214 prout
1391 2169 1568 2215 patentibus
1594 2169 1705 2203 litteris
1738 2169 1894 2205 dictorum

1150 2218 1353 2253 cardinalium
1382 2218 1455 2252 inde
1494 2218 1656 2259 consectis,
1690 2227 1719 2253 et
1753 2219 1894 2266 ipsorum

1150 2267 1260 2312 sigillis
1283 2267 1494 2313 pendentibus
1529 2268 1743 2312 communitis,
1770 2267 1894 2314 plenius

1150 2324 1338 2351 continetur.

1198 2365 1218 2412 S
1240 2369 1272 2399 5.
1296 2364 1335 2399 Ut
1356 2365 1618 2411 atttem‘collatio,
1640 2377 1693 2400 seu
1720 2367 1894 2411 concessio,

1150 2422 1179 2449 ct
1209 2416 1388 2449 investitura
1423 2415 1609 2461 praedictae,
1643 2415 1703 2450 sub
1729 2414 1895 2462 praedictis

1150 2463 1247 2497 forma
1271 2472 1301 2498 et
1322 2464 1413 2498 cond
1421 2464 1560 2498 tionibus
1575 2464 1729 2511 expressis
1751 2472 1781 2498 et
1801 2477 1896 2512 appo·

1151 2514 1218 2547 sitis
1239 2513 1334 2547 robur
1352 2513 1512 2547 obtineant
1536 2513 1690 2548 fiimitatis
1713 2523 1895 2570 perpetuae,

1153 2562 1312 2597 huniilitet
1353 2563 1558 2609 supplicasti,
1599 2574 1652 2597 eas
1692 2563 1751 2597 sub
1795 2565 1897 2611 ipsius

1153 2611 1249 2646 loinia
1283 2619 1312 2646 et
1340 2612 1573 2646 conditionibus
1600 2613 1790 2658 apostolicae
1818 2625 1896 2648 con-

1154 2660 1338 2696 firmationis
1361 2661 1534 2695 munimine
1556 2660 1708 2698 roborari.

1908 287 1958 314 An.
1973 286 2003 314 C.
2021 286 2089 314 126⁸

1922 2372 1978 2396 Haec
2014 2374 2093 2395 conflr-

1909 2406 1960 2426 mart
1979 2407 2032 2433 petit
2052 2404 2094 2426 Cu-

1909 2436 1973 2458 tolus.
