2129 3223
401 297 471 330 618

350 370 550 409 acceperunt,
577 362 741 397 restituere
766 361 1018 409 compellantur:
1057 362 1122 396 ni-³

351 411 522 446 'nilominus
549 422 604 456 per
630 411 799 446 triennium
830 411 1012 446 huiusmodi
1053 411 1100 445 vi-

167 469 195 490 ne
229 470 334 505 pstor-ibus
349 461 504 495 sitationis
524 460 626 496 officio
653 460 820 507 spoliandi.
842 460 969 496 Priores
994 468 1098 496 autem

152 502 334 521 ‘⁰¹¹‘⁰⁰¹¹¹³¹¹‘³*³‘
348 509 572 545 conventuales
607 510 636 545 in
665 510 924 546 concessionibus
956 518 986 544 et
1020 522 1099 544 con-

347 558 578 594 firmationibus
620 572 656 595 ac
687 559 912 594 donationibus
958 568 987 593 et
1030 559 1100 593 aliis

347 608 491 654 negotiis,
513 620 594 655 quae
616 608 798 656 frequenter
819 608 1019 648 incumbunt,
1042 607 1101 642 fra-

346 664 409 691 tres
435 669 511 691 suos
534 658 705 705 requirant,
727 670 798 693 cum
834 658 894 705 ipsi
930 664 1034 704 caput,
1069 665 1098 691 et

345 706 387 739 illi
412 706 552 741 membra
575 719 644 742 esse
668 707 851 755 probentur,
874 715 903 741 et
930 719 1002 741 cum
1043 717 1099 741 eo-

344 767 414 789 rum
443 756 586 800 consilio,
607 756 652 791 vel
674 757 809 792 sanioris
831 756 927 803 partis
959 767 1098 791 conven-

344 813 396 839 tus
417 805 526 840 eadem
550 815 699 853 peragant
726 814 755 840 et
779 814 982 852 pertractent.
1004 804 1096 846 Quod

343 853 368 888 si
391 854 486 901 aliqui
513 864 622 890 contra
645 856 703 890 lioc
732 856 836 889 venire
874 866 1098 902 praesumpse-

343 903 418 943 rint,
447 904 659 939 visitatoribus
698 905 773 951 ipsis
805 904 924 951 absque
967 903 1095 938 fratrum

342 964 472 987 suorum
486 953 628 993 consilio,
644 953 724 988 sicut
739 953 856 988 dictum
876 961 923 988 est
938 953 1097 1000 superius,

342 1001 460 1048 aliquid
489 1002 686 1046 exhibentes,
714 1002 752 1037 ab
785 1002 1095 1038 administrationum

342 1062 472 1086 suarum
497 1060 718 1087 removeantur
745 1052 860 1091 officio,
887 1060 918 1086 et
946 1063 1002 1099 per
1040 1052 1097 1086 tri-

342 1100 472 1134 ennium
497 1100 683 1147 ineligibiles
705 1101 790 1135 fiant.
810 1101 877 1135 Alia
896 1102 988 1136 etiam
1012 1113 1098 1147 prae-

341 1157 390 1184 ter
413 1150 490 1184 liaec
512 1150 699 1196 regulariter
721 1150 885 1189 statuistis,
904 1151 1020 1198 quibus
1034 1162 1096 1185 om-

343 1198 436 1233 nibus
460 1199 593 1246 petiistis
615 1199 712 1234 robur
738 1199 986 1235 confirmationis
1016 1211 1095 1246 apo-

151 1251 329 1279 Supradictnste-
341 1247 469 1283 stolicae
491 1248 643 1284 adbiberi.
668 1248 733 1283 Nos
749 1249 852 1295 itaque
880 1249 991 1284 vestris
1017 1261 1095 1294 sup-

144 1287 188 1334 12?
203 1284 565 1344 ΜΒΓ’Μ’ρίἰοθιίοηίῑωε
593 1297 746 1338 inclinati,
769 1306 884 1333 statuta
899 1298 1093 1342 huiusmodi,

341 1347 423 1381 sicut
445 1347 496 1394 pie
517 1359 553 1382 ac
581 1348 711 1393 provide
738 1347 815 1382 facta
838 1355 923 1388 sunt,
950 1355 1015 1383 rata
1038 1348 1096 1382 lia-

342 1396 452 1431 bentes
478 1404 508 1430 et
530 1405 629 1442 grata,
658 1397 724 1443 ipsa
747 1397 932 1432 auctoritate
958 1405 1095 1444 aposto-

341 1445 400 1479 lica
434 1445 672 1486 confirmamus,
707 1454 738 1480 et
772 1447 945 1492 praesentis
986 1446 1092 1493 scripti

342 1502 519 1540 patrocinio
538 1506 785 1530 communimus.
965 1503 968 1506 ’

391 1542 476 1578 Nulli
516 1555 589 1589 ergo
629 1544 758 1578 omnino
796 1543 962 1579 hominum
1004 1543 1093 1578 liceat

343 1592 423 1627 lianc
451 1592 595 1639 paginam
624 1601 749 1627 nostrae
775 1593 1021 1628 confirmationis
1044 1593 1093 1627 in-

341 1640 490 1688 fringere,
513 1641 559 1675 vel
582 1641 610 1676 ei
637 1653 715 1676 ausu
738 1642 904 1677 temerario
926 1642 1092 1677 contraire.

340 1689 374 1725 Si
398 1691 469 1737 quis
490 1698 594 1724 autem
615 1691 674 1725 lioc
701 1698 853 1726 attentare
876 1703 1094 1738 praesumpse-

342 1740 393 1779 rit,
420 1739 669 1785 indignationem
709 1741 938 1787 omnipotentis
964 1740 1022 1775 Dei
1057 1752 1094 1775 ac

342 1787 506 1823 beatorum
526 1788 610 1823 Petri
630 1797 660 1823 et
678 1788 767 1824 Pauli
789 1790 1001 1837 apostolorum
1025 1790 1094 1825 eius

342 1849 377 1872 se
403 1845 525 1872 noverit
552 1849 766 1873 incursurum.

390 1886 506 1922 Datum
529 1887 692 1933 Anagniae
710 1887 850 1922 secundo
873 1886 1020 1923 kalendas
1041 1899 1095 1923 au-

342 1936 439 1981 gusti,
465 1935 665 1983 pontificatus
686 1937 784 1972 nostri
807 1948 889 1972 anno
911 1938 1024 1984 primo.

403 1991 464 2022 Dat.
482 1993 529 2023 die
548 1992 582 2023 31
612 1993 677 2024 iulii
696 1993 783 2029 1255,
806 1994 907 2033 pontif.
926 2003 1002 2024 auno
1020 2003 1039 2024 t.

153 306 202 332 An.
219 306 238 333 C
270 307 336 335 ¹255
930 307 1117 330 BULLARtL'M

177 1587 294 1610 ttausutee.

666 2142 777 2178 XVIII.

346 2214 508 2249 Rei-oratio
527 2216 759 2260 priui'leyiorum
777 2223 802 2248 et
820 2216 1011 2250 indultorum
1031 2217 1098 2261 qui-

394 2266 577 2310 buscumque
601 2266 738 2310 personis
760 2276 985 2299 concessorum:
1012 2266 1096 2299 scili-

395 2321 448 2354 cet,
476 2315 559 2359 quod
585 2326 640 2359 per
665 2315 772 2348 Sedent
803 2315 1011 2358 Apostolorum
1041 2327 1096 2348 rx-

395 2364 616 2396 commttm’cari
656 2364 702 2396 vel
746 2364 888 2396 interdici
928 2375 989 2396 non.
1024 2375 1097 2407 pos-

395 2413 455 2445 sint
478 2415 539 2454 (l).

615 2480 829 2512 SUMMARIL'M

351 2535 518 2568 Secundum
542 2540 682 2578 temporis
711 2538 952 2570 circumstantias
971 2547 1096 2570 conces-

389 2581 487 2612 siones
506 2583 715 2613 immutandae.
736 2599 776 2605 —
796 2582 986 2614 Innocentius
1006 2583 1095 2614 mutta

389 2626 535 2655 concessit
556 2626 719 2657 secundum
745 2627 885 2666 temporis
905 2627 1096 2665 exigentiam,

385 2684 424 2717 (1)
440 2685 477 2711 Es
498 2686 602 2721 Iti-gest.
624 2686 707 2715 Vatic.

1142 306 1304 330 nonan-‘M
1901 306 1951 333 An.
1968 304 1998 332 C.
2018 304 2100 332 1258-

1182 370 1215 390 ac
1238 361 1412 400 praesertim
1440 361 1625 401 privilegium
1650 362 1702 401 (de
1721 372 1770 402 quo
1789 363 1819 391 t'n
1835 372 1887 392 m-

1180 405 1263 435 brien.
1281 422 1321 429 --
1339 405 1480 437 Irritatur.
1502 423 1541 430 —
1562 405 1729 437 Clausulae.

1185 481 1333 511 Alexander
1357 482 1498 518 episeopus
1515 489 1613 512 servus
1630 489 1771 511 servorum
1788 481 1845 516 Dei,

1297 533 1331 560 ad
1358 530 1484 561 futuram
1505 532 1547 560 rei
1565 532 1732 560 memoriam.

1189 607 1271 650 Quia
1300 619 1355 654 pro
1381 607 1530 654 qualitate
1553 607 1701 654 temporis
1723 607 1888 643 hominum
1910 621 2087 644 Secunctumtem-
2128 602 2129 627 ³

1140 656 1354 703 disponuntur
1382 655 1522 702 agenda,
1555 656 1625 691 ideo
1651 656 1771 701 evenit,
1803 658 1887 704 quod
1902 653 2087 705 ξζζξῗὴξῑᾟᾛζ

1141 706 1224 742 illius
1234 706 1439 741 mutabilitate
1451 705 1760 750 mutantur,undeid
1773 706 1889 754 ipsum,
1902 715 2014 736 cessiouen
2046 716 2087 736 im-
2127 726 2129 731 ·

1139 756 1225 803 quod
1264 755 1342 790 alias
1381 767 1418 790 eo
1457 763 1587 801 urgente
1622 754 1751 802 provide
1785 764 1888 790 actum
1903 745 2015 766 ''uum'‘

1139 813 1207 846 est,
1251 816 1491 851 nonnumquam
1531 811 1637 852 postea
1680 803 1792 839 eodem
1820 805 1890 839 exi-

1138 863 1231 901 gente
1258 854 1451 889 contrarium
1473 865 1536 894 non
1558 853 1734 900 improvide
1761 866 1890 889 revoca-

1140 912 1199 938 tur.
1234 903 1317 938 Hinc
1342 903 1470 950 quidem
1505 911 1571 943 est,
1605 902 1689 949 quod
1725 903 1889 944 nonnulla,

1139 964 1220 999 quae
1247 952 1432 999 placuerunt
1465 951 1651 999 aliquando,
1687 952 1889 998 postmodum

1138 1002 1282 1037 decursis
1324 1002 1518 1049 temporibus
1554 1001 1688 1037 suismet
1728 1001 1888 1037 actoribus

1139 1051 1318 1097 displicent,
1340 1059 1371 1087 et
1393 1051 1551 1086 interdum
1580 1050 1654 1085 illud
1687 1050 1771 1087 idem
1801 1051 1889 1086 valde

1137 1100 1265 1136 difficile
1292 1100 1440 1141 cernitur,
1473 1100 1558 1148 quod
1585 1109 1657 1135 ante
1689 1100 1766 1136 satis
1800 1099 1889 1136 facile

1138 1150 1313 1185 videbatur.
1346 1149 1415 1185 Hoc
1440 1159 1545 1185 autem
1573 1149 1645 1185 facit
1681 1149 1780 1197 ipsius
1808 1157 1889 1184 tem-

1139 1200 1224 1247 poris
1250 1207 1350 1234 status
1378 1199 1550 1240 instabilis,
1590 1198 1644 1246 qui
1685 1198 1888 1234 successibus

1138 1249 1230 1284 variis
1257 1249 1338 1284 circa
1367 1248 1550 1296 temporalia
1571 1256 1603 1283 et
1627 1256 1750 1283 terrena
1772 1249 1889 1294 iugiter

1138 1299 1340 1334 immutatur:
1364 1310 1434 1332 nam
1461 1310 1534 1333 cum
1560 1297 1645 1332 illius
1667 1298 1887 1333 necessitatem

1136 1356 1167 1383 et
1200 1348 1339 1383 locorom
1366 1348 1458 1382 etiam
1491 1346 1706 1382 conditionem
1739 1346 1887 1382 conside-

1135 1409 1204 1433 rare
1226 1397 1402 1441 conveniat,
1429 1404 1553 1444 oportet
1574 1395 1751 1431 secundum
1774 1408 1810 1431 ea
1837 1396 1887 1431 in-

1135 1447 1280 1492 gruentia
1299 1458 1426 1492 semper
1445 1446 1569 1493 negotia
1586 1445 1680 1493 dirigi
1698 1453 1729 1481 et
1747 1444 1884 1492 disponi.

1136 1496 1268 1543 Propter
1294 1495 1379 1542 quod
1407 1494 1505 1530 felicis
1533 1494 1762 1530 recordationis
1787 1494 1887 1530 Inuo-
1925 1503 2072 1540 Inuoco-nius⁴

1135 1547 1257 1580 centius
1278 1544 1364 1592 Papa
1392 1544 1614 1592 praedecessor
1642 1551 1759 1587 noster,
1789 1543 1884 1579 nimia
1899 1535 2084 1557 ”⁸¹¹¹‘⁸⁰⁰¹¹⁰²⁵³¹⁸

1899 1573 1908 1587 s
1982 1572 2014 1587 um
2028 1569 2048 1587 te
2071 1577 2084 1582 -

1134 1594 1205 1629 duri
1238 1604 1391 1640 temporis
1423 1601 1498 1628 tunc
1537 1605 1610 1628 eum
1648 1593 1886 1640 importunitate
1899 1566 2084 1625 Ρῗῑῗέᾱοῐὶεθῗ-

1135 1652 1277 1689 cogente,
1310 1642 1400 1690 plura
1427 1655 1619 1690 quamquam
1655 1643 1734 1678 forte
1768 1631 2085 1686 invitusffi'm'ssrl‘f‘iissl

1136 1692 1247 1728 fecisse
1274 1691 1482 1738 dignoscitur,
1503 1704 1583 1739 quae
1609 1692 1744 1739 ipsemet
1770 1704 1886 1739 propo·
1899 1689 1999 1743 ξζζξσξθ
2011 1690 2084 1717 ‘¹⁸⁰³'

1136 1741 1241 1785 nebat,
1267 1741 1456 1777 succedente
1483 1741 1730 1787 opportunitate,
1770 1741 1887 1777 utiliter
1986 1736 1991 1741 ⁵

1137 1792 1314 1826 immutare.
1337 1790 1588 1837 Quampluribus
1616 1802 1753 1838 namque
1776 1803 1888 1837 perso-

1136 1842 1197 1881 nis,
1221 1848 1282 1875 tam
1302 1839 1536 1883 ecclesiasticis,
1550 1851 1644 1887 quam
1661 1838 1888 1884 saecularibus,

1135 1889 1218 1936 quod
1254 1901 1310 1936 per
1349 1888 1521 1935 delegatos,
1558 1888 1603 1923 vel
1639 1897 1888 1931 conservatores,

1136 1947 1188 1973 aut
1210 1945 1396 1985 exequtores
1422 1950 1439 1972 a
1466 1937 1550 1972 Sede
1576 1937 1756 1983 Apostolica
1786 1937 1889 1985 depu-

1138 1996 1230 2027 tam,
1257 2000 1313 2022 seu
1338 1999 1394 2035 per
1415 1987 1576 2033 delegatos
1594 1986 1632 2021 ab
1659 1987 1751 2034 ipsis:
1779 1987 1888 2035 aliqui-

1137 2036 1197 2072 bus
1211 2049 1297 2082 vero,
1313 2036 1399 2084 quod
1420 2048 1474 2084 per
1490 2036 1609 2083 legatos
1623 2036 1767 2071 eiusdem
1783 2036 1887 2076 Sedis,

1138 2086 1184 2120 vel
1221 2097 1277 2133 per
1313 2086 1507 2126 ordinarios,
1541 2094 1595 2120 aut
1633 2097 1688 2133 per
1725 2085 1888 2132 delegatos

1137 2147 1247 2170 eorum
1267 2135 1424 2176 interdici,
1444 2135 1491 2170 vel
1508 2135 1673 2182 suspendi,
1690 2146 1746 2169 seu
1765 2146 1889 2170 excom-

1138 2185 1306 2219 municari:
1330 2185 1479 2232 quodque
1498 2185 1576 2231 ipsis
1599 2184 1759 2231 ingressus
1780 2182 1888 2218 Eccle-

1138 2234 1200 2268 siae
1227 2234 1381 2277 interdici,
1408 2243 1437 2268 et
1465 2233 1549 2280 quod
1572 2241 1672 2268 terrae
1693 2243 1767 2268 suae
1789 2232 1886 2266 inter-

1137 2282 1221 2317 dicto
1248 2283 1461 2318 ecclesiastico
1494 2282 1631 2330 supponi
1661 2293 1723 2316 non
1754 2281 1886 2316 valeant.

1137 2331 1335 2373 Quibusdam
1371 2332 1498 2379 quidem
1527 2331 1565 2366 ad
1592 2339 1713 2366 certum
1748 2338 1888 2377 tempus,

1138 2380 1329 2428 quibusdam
1352 2390 1456 2416 autem
1480 2382 1549 2416 sine
1572 2380 1721 2428 temporis
1742 2379 1890 2414 determi-

1139 2431 1275 2474 natione,
1289 2442 1351 2466 non
1368 2439 1428 2466 tam
1453 2430 1613 2470 libertate,
1628 2441 1721 2477 quam
1747 2428 1889 2476 improba

1140 2480 1314 2526 petentium
1333 2480 1492 2522 instantia,
1510 2478 1707 2515 considerata
1719 2486 1794 2513 tunc
1809 2486 1889 2513 tem-

1141 2529 1224 2575 poris
1245 2529 1405 2576 qualitate,
1432 2530 1599 2564 concessit.
1622 2527 1687 2562 Nos
1700 2528 1804 2575 itaque
1830 2527 1890 2562 sol-

1139 2577 1224 2612 licite
1258 2578 1467 2620 attendentes,
1500 2577 1584 2625 quod
1616 2588 1655 2612 ex
1684 2577 1888 2612 concessione

1139 2626 1187 2661 vel
1216 2627 1338 2662 indulto
1363 2626 1546 2662 huiusmodi
1574 2625 1671 2661 multa
1696 2625 1887 2673 malignandi

1139 2675 1269 2712 audacia
1295 2677 1376 2713 sumi
1414 2684 1532 2728 potest,
1565 2687 1639 2711 curn
1674 2674 1752 2710 haec
1784 2674 1890 2710 indul·
