2129 3223
170 270 220 296 An.
241 270 271 296 C.
284 271 351 297 12¹st

165 760 174 774 C

174 2196 263 2214 tu-tmad·

179 725 303 743 Astorttmo
324 723 348 742 sd

180 764 215 774 „ctis
222 759 307 774 [alumni.

186 2162 296 2186 Pinxitegta
316 2160 355 2180 hu-

189 2201 191 2204 ·
298 2198 356 2212 ΗᾹΞΞΙᾸ

413 259 484 292 ’280

364 324 497 360 Sanctae
519 323 706 368 necessaria,
733 323 786 359 ubi
815 323 900 359 Deus
917 332 1024 358 noster
1042 323 1108 358 Rex

364 382 436 408 ante
465 373 587 410 saecula
613 373 747 408 salutem
790 374 820 408 in
861 372 967 409 medio
1009 381 1109 408 terrae

364 423 485 470 operari
511 423 658 469 dignatus
684 432 751 465 est,
786 435 878 470 opem
915 432 944 458 et
979 435 1106 469 operam

363 472 531 508 efficaciter
558 473 742 520 impensuri,
768 472 947 508 assistendo
977 472 1109 507 fideliter

363 530 392 557 et
421 523 603 570 prudenter,
630 522 680 557 his
706 535 785 570 quos
811 522 924 558 adhoc
948 522 1107 568 negotium

363 571 549 607 duxerimus
575 572 749 620 specialiter
789 572 1021 620 procurandum
1046 571 1109 605 de-

363 630 490 657 stinare.

411 671 430 718 g
454 674 484 706 7.
507 670 620 706 Nullus
647 672 750 720 itaque
777 671 926 707 fallaciter
951 683 984 705 se
1011 683 1106 705 excu-

362 721 461 756 sando
499 721 536 756 ab
569 722 753 756 executione
789 730 850 756 tarn
878 721 976 756 sancti
1005 720 1108 768 operis

362 771 534 815 subtrahat,
561 771 586 805 si
613 772 794 806 canonicam
819 771 884 805 vult
905 771 1042 817 effugere
1065 771 1109 805 ul-

362 820 490 856 tionem.
527 820 627 855 Nemo
669 820 902 856 dissensionum
930 819 1107 860 obstacula,

362 870 409 904 vel
432 870 578 905 itinerum
601 870 827 917 impedimenta
849 878 1007 911 causetur,
1030 881 1109 916 quae

360 918 497 955 Domino
531 919 664 955 faciente
691 919 817 966 signum
854 919 883 953 in
919 919 1036 954 bonum
1071 932 1107 953 ex

361 981 473 1015 magna
487 970 547 1004 iam
564 977 650 1016 parte
668 981 791 1004 cessare
811 977 992 1016 coeperunt.
1029 968 1107 1003 Nam

360 1027 390 1053 et
406 1027 522 1065 quanto
538 1019 655 1054 maiora
674 1018 840 1053 imminent
856 1018 1005 1066 pericula,
1022 1026 1108 1052 tanto

360 1069 482 1116 potiora
508 1067 646 1103 remedia
669 1068 815 1103 convenit
842 1067 995 1103 adhiberi.
1016 1066 1108 1102 Nun-

360 1130 455 1165 quam
482 1118 564 1152 enim
601 1117 759 1164 navigabit
786 1130 841 1164 per
871 1129 1020 1164 aequora,
1055 1117 1107 1164 qui

360 1179 486 1214 semper
506 1175 661 1215 expectat,
690 1176 723 1202 ut
745 1179 829 1202 mare
856 1179 917 1201 non
940 1168 1055 1201 excitet
1077 1167 1108 1201 in

360 1229 394 1251 se
427 1217 554 1252 fluctus.
582 1217 718 1264 Propter
746 1217 822 1252 baec
848 1224 952 1251 autem
980 1216 1017 1251 ad
1054 1228 1109 1251 vos

361 1266 511 1302 dilectum
534 1266 635 1302 filium
658 1266 697 1301 N.
720 1279 791 1301 cum
821 1266 958 1301 iussione
987 1274 1110 1313 aposto-

361 1315 418 1351 lica
446 1315 654 1356 destinamus,
677 1328 769 1363 quem
793 1316 931 1351 babeatis
954 1328 1010 1363 pro
1026 1327 1110 1350 reve-

363 1366 460 1400 rentia
488 1366 756 1400 commendatum.

680 1489 793 1524 XClV.

362 1556 565 1600 Confirmatio
599 1554 833 1599 privilegiorum
874 1554 912 1586 ab
956 1553 1109 1587 Adriano,

413 1605 529 1638 Ioanne
556 1604 605 1637 IX
629 1611 654 1637 et
681 1603 804 1636 Marino
831 1602 966 1635 Summis
1001 1602 1110 1634 Ponti-

411 1655 516 1700 ficibus
555 1654 780 1688 Nonantulano
815 1652 1001 1685 monasterio
1038 1662 1111 1683 con-

413 1715 561 1738 cessorum
582 1705 643 1746 (A).

630 1763 843 1794 SUMMARttut

364 1819 519 1857 Privilegia
535 1817 703 1848 huiusmodi
722 1816 805 1846 iussu
823 1815 877 1845 PP.
893 1816 1063 1854 exemplata.
1074 1831 1113 1837 ·—

403 1859 459 1889 Par
476 1858 620 1897 privilegii
638 1857 672 1886 ab
692 1857 820 1886 Adriano
843 1856 896 1885 1¹1³.
916 1856 1059 1885 concessi.
1075 1872 1113 1877 —

404 1899 595 1937 Privilegium
617 1897 732 1926 Ioannis
756 1896 809 1926 PP.
834 1913 873 1918 —
894 1896 996 1925 Marini
1020 1896 1111 1934 privi-

404 1939 524 1977 legium.
539 1955 577 1961 -—
590 1937 765 1975 Legalizatio
781 1936 885 1965 horum
903 1936 1112 1974 exemplorum.

365 2001 536 2031 Innocentius
555 2000 697 2036 opiscopus
715 2005 812 2027 servus
830 2004 970 2026 sat-vorum
991 1997 1047 2030 Det,
1069 1998 1113 2025 ab·

410 2051 471 2081 bati
489 2053 519 2080 et
536 2049 679 2079 conventui
699 2047 900 2077 Nonantulanis.

419 2109 566 2145 Exhibita
588 2108 678 2143 nobis
704 2120 740 2142 ex
764 2114 849 2154 parte
884 2115 986 2141 vestra
1015 2118 1114 2153 quae-

369 2160 440 2195 dam
459 2159 511 2195 sel.
527 2158 696 2194 memoriae
712 2157 855 2200 Adriani,
872 2156 1008 2200 loannis,
1022 2164 1115 2202 atque

174 2224 204 2244 w
230 2230 281 2244 ma
292 2223 348 2249 μω
370 2209 482 2245 Marini
498 2208 773 2257 praedecessorum
789 2214 968 2241 nostrorum
983 2205 1115 2240 authen-

371 2261 430 2294 tica
452 2259 567 2306 scripta
593 2257 762 2304 diligenter
784 2256 990 2304 inspeximus,
1013 2263 1043 2289 et
1063 2267 1116 2301 per

372 2309 522 2344 dilectum
549 2307 647 2342 filium
674 2306 848 2341 Henricum
876 2305 1011 2340 Sanctae
1044 2303 1115 2339 Ro-

372 2370 482 2394 manae
502 2357 664 2393 Ecclesiae
690 2356 886 2391 scriniarium
915 2355 1066 2390 iussimus
1086 2354 1115 2388 fi-

372 2408 483 2443 deliter
504 2407 690 2454 exemplari:
719 2406 772 2453 qui
799 2418 846 2447 ea,
873 2417 953 2452 quae
980 2404 1019 2439 de
1042 2404 1117 2451 ipsis

373 2458 499 2506 scriptis
540 2457 665 2505 papyris
698 2468 737 2490 ex
764 2455 898 2502 quadam
933 2463 1017 2503 parte
1045 2466 1117 2501 prae

374 2507 469 2542 nimia
482 2514 634 2542 vetustate
643 2505 840 2552 consumptis
847 2504 993 2551 colligere
1005 2503 1117 2551 potuit,

376 2556 406 2589 in
423 2556 580 2602 publicam
609 2556 740 2591 sormam
764 2554 905 2600 redigere
928 2553 1115 2601 procuravit:

375 2605 491 2652 quibus
517 2617 574 2641 nos
595 2604 759 2652 apostolici
787 2603 900 2638 favoris
929 2602 1117 2650 praesidium

411 2668 449 2700 (t)
466 2667 504 2693 Ex
521 2667 621 2699 Baluz.,
638 2667 681 2693 lib.
702 2674 757 2693 xvi.
778 2666 859 2700 Epist.
882 2668 924 2691 Μ.

956 269 1143 291 numanum
1163 268 1271 290 ROMA&
1278 268 1321 290 ΠΜ

1150 322 1382 369 impendentes,
1409 322 1439 357 in
1462 322 1520 357 hac
1543 322 1652 370 pagina
1677 322 1810 359 fecimus
1835 323 1896 359 sub

1150 371 1233 407 bulla
1261 380 1364 407 nostra
1393 371 1560 413 conscribi,
1582 372 1760 420 supplendo
1796 385 1896 421 quae—

1150 421 1234 465 dam,
1249 434 1329 469 quae
1350 421 1526 457 secundum
1551 422 1670 457 litterae
1689 423 1895 458 circumstan-

1150 472 1206 506 tias
1229 472 1257 506 in
1274 472 1403 518 integris
1423 471 1700 519 praesumebantur
1721 472 1895 519 originibus

1150 520 1247 556 fuisse
1269 521 1435 569 descripta,
1463 533 1543 568 quae
1578 533 1671 556 causa
1697 521 1894 558 discretionis

1151 570 1369 606 mandavimus
1397 572 1427 605 in
1456 571 1513 606 hac
1536 571 1640 606 charta
1667 572 1768 607 tonsis
1793 571 1893 607 literis

1149 621 1279 655 exarari.
1302 620 1337 655 ln
1366 620 1494 655 nomine
1516 620 1645 655 Domini
1686 621 1783 656 nostri
1821 621 1893 658 Iesu

1149 669 1278 704 Christi.
1303 670 1415 704 Amen.
1440 670 1532 705 Anno
1555 670 1732 706 dominicae
1746 671 1894 707 incarna-

1149 720 1244 754 tionis
1266 720 1432 754 millesimo
1455 720 1674 755 ducentesimo
1696 719 1820 756 decimo
1838 730 1892 757 ter-

1150 769 1203 813 tio,
1235 769 1436 815 pontificatus
1464 782 1535 804 vero
1565 769 1683 804 domini
1717 769 1892 812 Innocentii

1149 818 1191 852 Ill
1226 818 1329 865 Papae
1356 831 1440 854 anno
1466 819 1535 854 eius
1562 818 1786 863 sextodecimo,
1810 820 1894 855 indi-

1150 868 1252 902 ctione
1275 869 1384 913 prima,
1401 881 1508 903 mense
1532 869 1660 903 ianuarii
1684 870 1893 914 exeunte,die

1909 271 1960 297 An.
1977 269 2004 297 C.
2022 271 2088 299 ¹2¹&

1150 917 1608 964 quartadEcima.Privilegium
1624 918 1742 953 domini
1763 918 1891 955 Adriani
1921 926 1960 947 Ρ-ιτ
1983 925 2089 954 ιπῑνῑίοεῑῑ

1908 957 1932 978 ah
1947 957 2038 978 Adriano
2048 955 2088 978 ΡΙ).

1149 966 1254 1013 Papae
1281 967 1426 1002 domibus
1448 970 1539 1015 atque
1566 967 1699 1008 famulis,
1721 969 1819 1003 servis
1833 970 1894 1004 ori·
1907 989 2012 1010 sonem,-

1149 1016 1317 1062 ginalibus,
1345 1016 1501 1064 simulque
1522 1016 1618 1052 rebus
1639 1026 1733 1065 atque
1767 1030 1894 1065 posses-

1150 1065 1304 1104 sionibus,
1332 1078 1454 1101 necnon
1477 1066 1656 1114 aquimolis,
1683 1066 1817 1107 olivetis,
1844 1068 1892 1103 vel

1150 1115 1305 1162 quidquid
1328 1115 1357 1150 in
1385 1116 1641 1163 quibuscumque
1666 1116 1744 1151 locis
1777 1116 1893 1152 trabere

1150 1164 1198 1199 vel
1225 1173 1331 1199 tencre
1357 1165 1491 1206 videtur,
1519 1166 1566 1200 vel
1593 1165 1618 1200 si
1647 1166 1721 1212 quid
1746 1165 1776 1200 in
1805 1175 1894 1214 pote-

1150 1222 1228 1250 state
1249 1214 1390 1260 legaliter
1410 1214 1560 1250 donatum
1589 1215 1635 1250 vel
1658 1215 1802 1261 largitum
1824 1215 1892 1257 fuit,

1150 1273 1203 1299 aut
1225 1264 1367 1311 quolibet
1385 1264 1479 1299 modo
1507 1264 1587 1299 iuste
1609 1265 1759 1306 evenerit,
1788 1273 1894 1300 tenere

1150 1322 1181 1347 et
1207 1312 1369 1360 possidere
1407 1314 1475 1349 sine
1510 1313 1646 1361 qualibet
1683 1315 1893 1350 controversia

1151 1364 1310 1410 perpetuis
1332 1363 1528 1411 temporibus
1550 1363 1660 1407 valeat,
1682 1372 1713 1398 et
1735 1364 1810 1399 nulli
1833 1377 1894 1399 un-

1150 1424 1244 1459 quam
1264 1412 1355 1447 liceat
1371 1419 1494 1459 regum,
1511 1413 1744 1460 episcoporum,
1775 1413 1893 1449 ducum

1151 1461 1198 1496 vel
1221 1470 1361 1497 actorum
1391 1474 1502 1509 parvae
1528 1462 1575 1497 vel
1590 1474 1722 1509 magnae
1742 1475 1894 1510 personae

1152 1511 1182 1545 in
1206 1511 1364 1558 praedicto
1386 1511 1555 1546 venerabili
1583 1512 1784 1553 monasterio,
1798 1513 1844 1548 vel
1861 1513 1892 1547 in

1151 1561 1196 1594 eis
1222 1573 1302 1607 quae
1313 1560 1417 1596 eidem
1434 1560 1600 1596 venerabili
1623 1563 1812 1597 monasterio
1828 1574 1895 1610 per·

1151 1610 1250 1645 tinere
1256 1638 1311 1644 .....
1334 1610 1501 1645 stabilitate
1529 1619 1742 1658 permaneant.
1764 1611 1895 1646 Interdi-

1152 1667 1258 1694 centes
1272 1661 1400 1695 omnino
1416 1660 1579 1707 episcopo,
1592 1661 1622 1694 in
1639 1661 1728 1695 cuius
1748 1661 1894 1709 parochia

1153 1721 1221 1744 esse
1259 1709 1381 1744 videtur
1414 1709 1630 1756 supradictum
1669 1711 1894 1746 monasterium

1153 1759 1358 1794 constitutum
1364 1786 1423 1794 .....
1445 1769 1552 1794 contra
1568 1769 1705 1795 tenorem
1722 1761 1896 1807 praesentis

1153 1808 1269 1843 decreti
1294 1809 1341 1856 pia
1361 1809 1570 1856 postulatione
1593 1808 1705 1844 indulti
1728 1811 1895 1858 quicquam

1153 1865 1294 1902 attentet,
1327 1870 1429 1906 neque
1466 1858 1529 1894 ullo
1556 1858 1651 1893 modo
1678 1859 1745 1894 eius
1778 1859 1897 1908 baptis-

1154 1908 1251 1942 males
1277 1907 1434 1942 Ecclesias
1452 1907 1510 1942 sibi
1534 1908 1691 1952 vendicet,
1713 1920 1816 1956 neque
1831 1910 1897 1956 ipse

1154 1957 1266 2004 suique
1286 1969 1484 1992 successores
1513 1966 1715 2004 praesumant
1742 1958 1897 2006 prohibita

1155 2006 1347 2052 contingere.
1362 2005 1425 2041 Sed
1450 2019 1552 2054 neque
1565 2008 1731 2042 missarum
1746 2008 1897 2047 solemnia

1157 2054 1273 2090 ibidem
1302 2056 1479 2103 persolvere
1502 2065 1690 2103 praesumat,
1713 2057 1770 2091 nisi
1783 2057 1823 2092 ab
1839 2057 1898 2092 ab·

1157 2104 1226 2139 bate
1247 2106 1452 2153 suprascripti
1475 2106 1655 2141 monasterii
1677 2106 1772 2141 fuerit
1792 2107 1899 2141 invita-

1157 2163 1221 2196 tus,
1246 2167 1347 2201 neque
1368 2156 1597 2191 ordinationem
1619 2156 1816 2190 sacerdotum
1832 2157 1899 2203 qui-

1157 2203 1232 2239 libet
1257 2205 1477 2252 episcoporum
1502 2206 1534 2240 in
1557 2205 1695 2252 praefato
1708 2206 1899 2240 monasterio

1157 2253 1204 2287 vel
1231 2255 1301 2288 eius
1329 2255 1358 2288 in
1396 2267 1462 2289 re...
1490 2255 1649 2289 celebrare
1675 2254 1798 2298 audeat,
1826 2255 1898 2296 nisi,

1159 2311 1190 2337 ut
1212 2304 1403 2350 praedictum
1431 2312 1489 2345 est,
1511 2304 1549 2339 ab
1571 2303 1681 2339 abbate
1702 2304 1796 2339 fuerit
1818 2304 1899 2339 invi-

1157 2360 1255 2387 tatus:
1278 2352 1423 2388 Clirisma
1459 2354 1564 2400 igitur,
1602 2353 1647 2387 vel
1675 2353 1826 2400 quidquid
1861 2353 1898 2388 ad

1157 2414 1244 2437 sacra
1266 2404 1437 2438 ministeria
1466 2403 1610 2450 pertinet,
1636 2403 1661 2437 si
1692 2414 1707 2436 a
1726 2410 1813 2450 patre
1835 2415 1901 2437 mo-

1159 2452 1283 2487 nasterii
1312 2453 1406 2488 fuerit
1441 2453 1628 2500 postulatus,
1656 2464 1672 2486 a
1699 2463 1900 2500 quocumque

1159 2502 1343 2549 praeviderit
1379 2502 1584 2538 'concedimus
1618 2500 1795 2537 tribuenda.
1836 2501 1899 2536 Sed

1159 2564 1261 2598 neque
1283 2552 1419 2588 decimas
1442 2563 1573 2598 usquam
1596 2549 1670 2585 dare
1697 2550 1901 2586 concedimus

1159 2602 1218 2636 nisi
1242 2602 1382 2637 ecclesiis
1404 2601 1571 2648 supradicti
1595 2599 1901 2636 venerabilismona-

1159 2651 1243 2685 sterii
1268 2651 1303 2686 ad
1339 2660 1474 2686 nostram
1499 2649 1667 2684 dioecesim
1704 2650 1898 2688 pertinentis.
