2129 3223
61 263 113 290 Αη.
131 261 243 288 &1268

72 315 171 343 Dengitur
191 321 244 337 ann-

58 348 149 370 themate
159 365 162 367 Α

71 511 134 537 Regni
164 511 241 532 fliero-

57 543 175 569 nolimu-mi
191 544 238 564 iuri,

56 574 93 594 hus
109 575 198 594 exuitur,

66 912 186 935 Posti-tatur
203 915 237 935 iu—

53 944 116 967 dicio:

65 1158 89 1180 Μ
105 1163 185 1187 pareat,
202 1161 237 1180 dc-

51 1191 143 1212 etan-tur
153 1191 178 1212 art
191 1197 237 1212 om·-

52 1226 77 1240 ne
99 1226 185 1247 regnum
202 1222 236 1242 in-

51 1251 134 1272 babilis

68 1897 149 1920 Eisdem
164 1900 238 1925 poenis

55 1932 101 1950 stus
145 1929 238 1951 fautores

79 1961 224 1981 subiiciuutur.

880 264 1026 287 CLEMENS
1058 264 1090 286 lv
1122 263 1156 287 1³1⁵
1164 283 1168 286 .

1677 253 1742 285 797

259 316 290 351 iu
323 318 661 353 excommunicationis
693 327 723 352 ct
763 319 838 353 alias
872 318 947 354 latas
975 318 1005 354 in
1047 327 1166 366 aperte,
1188 327 1218 354 ct
1237 319 1356 355 dictum
1380 331 1485 366 regem
1515 331 1570 366 pro
1593 318 1712 353 viribus
1734 317 1794 352 im-

257 377 330 401 eum
359 367 530 402 sententias
554 367 718 409 incidisse,
741 367 779 402 de
803 380 883 403 novo
896 368 1005 403 nihilo-

257 415 364 450 minus
389 428 426 451 ex
454 416 572 451 eisdem
601 418 705 451 causis
731 417 770 451 (le
799 417 926 452 fratrum
957 418 1006 465 ip-

255 477 362 500 sorum
375 465 505 501 consilio
518 466 831 501 excommunicamus
845 467 1003 502 eumdem.

256 514 494 550 Denunciamus
516 516 644 562 insuper
670 527 741 550 cum
771 528 867 562 regno
893 516 1005 551 Hiero-

254 563 442 611 solymitano
467 572 497 600 et
524 565 610 599 omni
640 565 721 604 iure,
753 565 779 599 si
801 565 884 612 qnod
909 566 1005 600 babe-

254 612 306 648 bat
320 613 350 647 in
369 613 433 658 illo,
448 614 617 661 apostolica
633 614 817 649 auctoritate
837 615 1003 661 privatum,

253 670 283 697 et
306 663 453 697 vassallos
486 663 555 697 cius
582 663 769 698 constitutos
804 663 936 698 ubilibet
965 664 1003 698 ab

252 713 337 746 omui
361 712 536 746 iuramento
563 711 732 752 fidelitatis,
767 712 791 746 si
826 725 889 760 quo
913 721 1003 747 tenc-

252 760 378 796 bantur*
398 761 448 804 ei,
486 761 610 808 penitus
632 762 803 801 absolutos,
832 771 862 796 et
890 770 1001 796 terram

252 811 319 846 eius
340 810 555 845 ecclesiastico
586 812 801 858 supponimus
825 811 1000 845 interdicto.

301 864 316 903 5
345 862 399 894 12.
428 859 570 905 Insuper,
600 867 763 906 praesente
787 860 844 894 bac
861 860 1000 894 fidelium

252 908 469 948 multitudine,
496 908 614 943 dictum
642 908 856 944 Conradinum
895 917 1001 955 aperte

251 969 434 998 monemus,
457 958 579 1005 sibique
608 958 747 993 districte
771 959 1000 1005 praecipimus,

252 1015 285 1042 ut
306 1007 384 1042 infra
407 1019 546 1042 mensem
570 1019 608 1041 ex
631 1020 714 1042 nunc
733 1007 999 1054 computandum,

250 1068 345 1104 quem
373 1068 429 1103 pro
458 1056 669 1103 peremptorio
695 1056 753 1091 sibi
782 1057 916 1091 termino
942 1068 1000 1091 as—

250 1106 431 1152 signamus,
465 1105 623 1140 humiliter
654 1105 691 1140 ad
720 1113 841 1145 nostra,
874 1114 905 1139 et
931 1105 999 1140 Ec-

250 1154 364 1190 clesiae
387 1154 532 1189 mandata
556 1154 657 1189 redire
681 1163 838 1201 procuret,
861 1154 997 1201 alioquin

250 1216 288 1238 ex
315 1204 519 1250 tuncipsum,
546 1203 585 1237 de
613 1204 842 1250 praedictorum
871 1202 998 1238 fratrum

249 1252 394 1297 consilio,
425 1253 584 1287 reddimus
605 1253 690 1288 omni
713 1260 854 1299 tempore
876 1252 999 1298 ineligi-

250 1300 357 1342 bilem,
384 1309 414 1336 et
447 1314 576 1348 prorsus
606 1301 777 1336 inhabilem
800 1301 837 1336 ad
866 1313 999 1347 regnum

249 1349 424 1397 quodlibet,
452 1351 497 1386 vel
521 1350 689 1397 imperium
717 1350 942 1385 obtinendum:
970 1359 1000 1385 et

249 1399 454 1434 nihilominus
490 1400 639 1435 omnibus
676 1399 780 1434 feudis
815 1407 845 1434 et
879 1399 1001 1434 iuribus

248 1448 517 1497 quibuscumque,
545 1450 569 1483 si
597 1461 658 1496 qua
681 1449 784 1483 forsan
807 1461 822 1483 a
845 1448 1001 1495 quibusli-

250 1498 302 1533 bet
332 1505 417 1533 tenet
452 1498 619 1542 Ecclesiis,
653 1498 813 1545 privamus
840 1497 998 1532 eumdem.

248 1546 348 1582 Porro
374 1547 570 1594 supradictas
592 1547 806 1587 inhibitiones,
832 1546 1000 1581 commina-

250 1596 354 1631 tiones
375 1604 405 1632 et
425 1596 598 1632 sententias
625 1596 821 1635 innovantes,
844 1607 955 1630 onmes
971 1604 1001 1630 et

249 1645 405 1693 singulos,
421 1646 475 1693 qui
489 1653 596 1681 contra
609 1658 661 1680 eas
686 1657 889 1692 quocumque
907 1644 1001 1679 modo

251 1695 410 1736 venerint;
432 1702 463 1729 et
488 1695 666 1742 specialiter
689 1693 867 1741 praedictos
894 1693 1002 1728 Ludo-

252 1743 353 1778 vicum
376 1743 489 1779 ducem
517 1744 683 1783 Bavariae,
717 1743 865 1777 comitem
887 1742 1000 1782 Tiroli,

250 1792 371 1827 Bosum
402 1792 441 1828 de
478 1793 630 1834 Dovaria,
658 1791 855 1826 Maufredum
888 1790 1001 1835 Malet,

251 1841 433 1876 Conradum
453 1842 576 1885 Trinza,
599 1842 651 1889 qui
679 1841 717 1875 ab
745 1841 844 1887 ipsius
867 1852 928 1874 non
951 1840 1004 1874 ‹le-

251 1892 360 1926 stitere
388 1891 507 1930 favore,
530 1891 725 1925 Fridericum
749 1897 905 1936 praetcrea
926 1889 1003 1923 cha-

254 1941 367 1975 rissimi
391 1941 421 1974 in
444 1940 571 1975 Christo
584 1940 638 1974 lilii
663 1940 758 1974 nostri
780 1939 863 1984 regis
886 1937 1004 1973 Castel-

253 1989 300 2024 lae
333 2001 538 2036 germanum,
566 1990 618 2036 qni
656 1988 793 2036 praefato
820 1987 1003 2022 Conradino

254 2038 398 2082 favendo,
421 2039 553 2073 insulam
581 2038 719 2078 Siciliae,
747 2045 779 2071 et
800 2046 912 2071 terram
937 2049 1004 2071 me-

254 2088 364 2123 morati
388 2087 492 2122 Caroli
514 2087 639 2122 Siciliae
668 2087 748 2132 regis
775 2086 902 2126 invasit,
931 2098 1004 2120 cum

253 2137 401 2172 omnibus
422 2136 631 2182 complicibus
661 2137 746 2175 suis,
777 2147 898 2169 necnon
922 2135 1005 2168 Wil-

254 2186 384 2220 lelmum
412 2186 450 2220 de
474 2185 612 2225 Parisiis,
639 2193 860 2231 caeterosque,
895 2184 948 2230 qui
972 2196 1004 2218 se

255 2242 361 2270 contra
383 2235 530 2269 eumdem
554 2233 680 2269 Siciliae
703 2245 821 2279 regem,
844 2245 915 2267 cum
941 2232 1005 2267 Sa—

255 2284 377 2319 racenis
417 2284 567 2318 Luceriae
600 2291 786 2325 erexerunt,
822 2294 857 2316 ac
897 2294 1007 2316 omncs

257 2333 345 2373 alios,
364 2333 417 2379 qui
440 2333 516 2368 citra
535 2332 670 2366 Pharum
693 2343 926 2378 quamcumque
943 2338 1007 2364 ter-

259 2395 324 2417 ram
361 2383 505 2418 eiusdem
536 2381 617 2427 regis
649 2380 775 2415 Siciliae
808 2381 1007 2422 invaserunt,

259 2444 433 2479 omnesque
460 2431 631 2476 complices
660 2437 690 2463 ct
718 2429 748 2463 in
784 2429 844 2463 boc
871 2428 1008 2463 fautores

260 2492 382 2520 eorum,
410 2481 482 2516 item
516 2479 696 2515 Guidonem
730 2477 865 2521 Novelli,
892 2477 1008 2511 Galia-

261 2542 336 2564 num
375 2538 404 2564 et
439 2529 636 2565 Fridericum
672 2527 846 2570 Lanceam,
881 2526 1008 2560 Conra-

262 2578 338 2613 dum
363 2579 401 2613 de
423 2579 587 2614 Antiochia
609 2585 639 2611 ct
662 2575 809 2610 loannem
825 2575 863 2609 tle
882 2575 1009 2614 Marrio,

263 2640 320 2675 pro
357 2640 394 2663 eo
428 2627 511 2675 quod
552 2627 654 2662 eitlem
690 2623 872 2659 Conradino
910 2623 1011 2658 favent

1047 382 1186 417 pugnare
1209 377 1374 409 conantur,
1396 376 1597 416 caeterosque
1619 368 1794 403 cuiuscum-

1046 432 1108 467 que
1157 420 1219 454 sint
1247 418 1516 467 praeeminentiae,
1549 417 1710 464 dignitatis
1741 423 1795 452 aut

1046 478 1158 515 status,
1186 469 1239 516 qui
1266 475 1374 503 contra
1408 467 1596 515 praemissas
1630 466 1794 501 inhibitio-

1046 531 1112 560 nes,
1140 519 1345 562 monitiones,
1372 517 1631 552 comminationes
1654 516 1700 550 vel
1726 528 1796 551 sen-

1046 569 1160 604 tentias
1200 568 1304 604 venire
1341 574 1458 602 temere
1494 573 1793 614 praesumpserunt,

1045 618 1272 653 denunciamus
1301 617 1332 650 in
1362 616 1549 664 praemissas
1574 614 1795 650 excommuni-

1045 668 1177 702 cationis
1200 675 1230 702 et
1256 665 1333 701 alias
1360 673 1465 700 contra
1494 664 1629 699 fautores
1650 663 1792 699 eiusdem

1043 717 1216 752 Com-adini
1240 716 1317 751 latas
1339 714 1509 750 sententias
1522 713 1682 757 incidisse,
1704 724 1740 748 ac
1755 712 1794 748 de

1044 779 1124 801 novo
1151 780 1188 801 ex
1216 765 1334 800 eisdem
1357 763 1458 799 causis
1480 763 1793 798 excommunicamus

1043 816 1182 851 eosdem.

1091 870 1106 908 5
1131 868 1185 899 15.
1208 864 1358 899 Civitates
1385 863 1526 909 insuper,
1549 868 1648 896 castra
1670 867 1700 895 et
1726 861 1790 896 loca

1042 916 1159 955 onmia,
1178 925 1259 961 quae
1273 912 1503 950 Conradinum,
1518 918 1572 945 aut
1587 910 1656 945 eius
1673 911 1791 957 capita-

1044 976 1156 1005 neum,
1197 963 1243 998 vel
1282 962 1443 1005 militiam,
1476 972 1531 995 seu
1559 972 1791 1008 quamcumque

1040 1012 1134 1047 aliam
1159 1020 1284 1058 gentem
1309 1023 1364 1058 pro
1388 1011 1455 1056 ipso
1478 1017 1668 1056 receperunt
1685 1009 1792 1045 hacte-

1043 1075 1101 1096 nus
1129 1063 1174 1096 vel
1197 1063 1272 1096 alias
1295 1059 1470 1107 praedictas
1493 1066 1615 1093 nostras
1636 1058 1791 1094 inhibitio·

1043 1128 1110 1155 nes,
1138 1115 1339 1153 monitiones,
1366 1112 1629 1148 comminationes
1663 1120 1693 1148 et
1719 1125 1793 1148 sen-

1043 1170 1154 1204 tentias
1187 1174 1460 1215 contempserunt,
1493 1165 1649 1202 veniendo
1676 1174 1792 1202 temere

1041 1232 1149 1258 contra
1194 1235 1263 1263 eas,
1303 1230 1333 1256 et
1376 1220 1555 1268 specialiter
1598 1219 1791 1267 praedictum

1041 1278 1148 1312 Sancti
1192 1273 1495 1311 Miniati‘castrum
1535 1281 1590 1308 aut
1634 1274 1791 1309 civitatem

1041 1331 1201 1372 Grosseti,
1234 1343 1315 1378 quae
1355 1341 1418 1363 non
1457 1336 1504 1363 est
1541 1327 1673 1362 dubium
1709 1327 1793 1362 dicto

1041 1385 1224 1420 Conradino
1254 1385 1374 1423 favere3
1407 1382 1605 1416 declaramus
1635 1380 1792 1415 interdicti

1042 1439 1215 1475 sententiae
1248 1437 1424 1477 subiacere,
1458 1437 1665 1482 ipsorumque
1699 1435 1791 1469 castri

1041 1503 1071 1528 et
1109 1492 1242 1529 civitatis
1281 1491 1400 1526 incolas
1436 1489 1578 1525 eiusdem
1619 1487 1791 1523 Conradini

1042 1549 1181 1583 fautores
1203 1543 1539 1581 excommunicationis
1558 1542 1684 1577 vinculo
1707 1542 1794 1577 inno-

1042 1602 1170 1641 damus3
1205 1599 1344 1634 civitates
1371 1598 1484 1641 etiam,
1520 1604 1619 1631 castra
1653 1604 1682 1631 et
1714 1595 1792 1636 loca,

1042 1666 1122 1701 quae
1145 1654 1182 1689 de
1204 1661 1328 1688 caetero
1350 1652 1455 1698 ipsum
1483 1649 1711 1689 Conradinum,
1740 1661 1793 1684 ca-

1044 1709 1215 1756 pitaneum,
1245 1706 1388 1741 militiam
1411 1713 1441 1739 et
1467 1704 1640 1751 quamlibet
1665 1711 1792 1749 gentem

1043 1775 1132 1797 suam
1162 1761 1302 1807 recipcre
1331 1758 1612 1806 praesumpserint,
1642 1770 1680 1792 ex
1710 1769 1794 1791 nunc

1043 1816 1137 1851 simili
1172 1814 1386 1861 supponimus
1419 1811 1598 1851 interdicto,
1626 1818 1735 1845 contra
1757 1823 1793 1845 ea

1043 1868 1247 1917 spiritualiter
1272 1876 1304 1902 et
1327 1865 1541 1913 temporaliter
1562 1864 1686 1911 gravius
1714 1876 1794 1911 pro—-

1044 1923 1174 1962 cessuri,
1210 1928 1302 1968 prout
1335 1920 1406 1954 facti
1440 1918 1583 1954 suadebit
1605 1917 1738 1965 qualitas
1764 1926 1793 1952 et

1046 1977 1218 2012 viderimus
1244 1974 1404 2021 expedire.
1436 1972 1617 2007 Praedictas
1640 1983 1713 2006 vero
1739 1983 1794 2006 ex-

1044 2028 1339 2067 communicationis
1378 2027 1550 2061 sententias
1588 2024 1794 2072 prohibemus

1045 2085 1162 2131 absque
1185 2082 1312 2130 speciali
1330 2081 1479 2121 mandato
1502 2087 1621 2120 nostro,
1644 2079 1704 2113 nisi
1732 2078 1794 2113 for-

1045 2151 1100 2173 san
1124 2139 1153 2172 in
1182 2137 1291 2172 mortis
1313 2134 1456 2174 articulo,
1484 2133 1625 2174 relaxari,
1643 2144 1705 2180 quo
1720 2144 1793 2167 casu

1048 2192 1106 2226 nisi
1142 2190 1350 2226 absolutionis
1391 2187 1578 2223 beneficium
1616 2186 1796 2221 obtinentes

1048 2247 1126 2281 infra
1163 2245 1242 2280 duos
1277 2255 1421 2285 menseS,
1456 2250 1621 2288 postquam
1662 2239 1794 2274 restituti

1048 2300 1162 2335 fuerint
1184 2297 1319 2335 sanitati.
1342 2297 1380 2330 de
1403 2295 1471 2330 loco
1493 2293 1671 2333 interdicto,
1693 2292 1719 2326 si
1734 2291 1797 2326 for-

1048 2367 1102 2389 san
1141 2352 1215 2387 inibi
1250 2351 1366 2385 fuerint
1404 2348 1599 2391 recedentes,
1631 2353 1737 2381 nostro
1764 2358 1798 2379 se

1049 2406 1233 2453 conspectui
1253 2403 1430 2439 curaverint
1455 2407 1654 2448 praesentare
1675 2399 1800 2434 satisfa-

1049 2461 1127 2495 cturi
1152 2462 1192 2494 de
1218 2458 1285 2493 suis
1306 2455 1500 2494 excessibus,
1529 2465 1584 2501 pro
1603 2452 1718 2500 quibus
1740 2452 1800 2487 hu-

1051 2513 1185 2548 iusmodi
1213 2510 1384 2546 sententias
1412 2509 1611 2544 incurrerunt
1633 2514 1664 2541 et
1683 2506 1800 2541 nostris

1052 2565 1256 2613 beneplacitis
1280 2563 1423 2611 parituri,
1450 2574 1488 2597 eo
1515 2562 1583 2608 ipso
1615 2560 1645 2595 iu
1673 2559 1799 2595 easdem

1051 2619 1222 2656 sententias
1244 2617 1422 2653 relabantur
1443 2624 1495 2650 etc.

1808 259 1858 286 An.
1880 258 1908 285 C.
1924 260 1989 285 ¹203

1821 865 1881 889 Loca,
1895 871 1947 893 quae
1963 866 1991 886 fa·

1807 896 1988 919 ventilant-adino.

1806 929 1902 947 censuris
1940 934 1991 954 pcr-

1807 964 1876 978 cussa.

1821 2029 1864 2050 Izi-:e
1880 2035 1930 2051 vcro
1941 2034 1993 2050 sen-

1808 2061 1888 2081 tentiae
1912 2067 1923 2080 a
1947 2060 1993 2080 solo

1807 2090 1910 2112 Pontifice
1949 2091 1994 2111 dise

1809 2121 1931 2142 solvendae.
