2129 3223
132 267 182 293 An.
203 265 229 292 C.
250 266 315 293 ¹207

168 2207 278 2227 clausulae
303 2211 339 2227 ⁵0-

156 2241 206 2258 nm

381 257 453 290 200
929 259 1116 285 caminum
1138 258 1298 281 nonnam!
1887 248 1937 274 An.
1951 246 1982 274 C.
2002 246 2068 274 tw?

330 320 458 368 capituli
481 328 511 355 et
528 320 587 354 hoc
611 319 714 366 ipsum
730 318 761 352 in
779 318 923 365 sequenti
946 316 1082 364 capitulo

331 373 470 420 generali
506 371 664 409 recitetur.
703 371 811 408 Abbas
838 370 885 406 vel
914 370 999 418 prior
1026 369 1083 404 ab·

332 429 434 463 batiae
465 440 538 463 cum
573 427 680 475 aliquo
713 426 870 462 monacho
896 426 1030 460 honesto
1053 432 1083 457 et

333 481 469 516 discreto
502 481 539 516 ad
575 489 778 529 praeceptum
801 479 923 515 abbatis
950 478 1084 524 singulis

332 535 424 570 annis
458 547 570 570 omnes
602 535 701 570 semel
735 533 933 570 obedientias
962 532 1083 567 visitet:

333 597 362 622 et
376 589 402 623 si
421 589 497 636 quid
513 589 664 625 invenerit
681 588 916 635 corrigendum,
939 587 1085 633 corrigat,

333 651 364 676 et
391 643 476 690 quod
499 645 688 686 correxerit,
714 644 761 678 vel
790 641 1011 688 corrigendum
1037 653 1087 675 re-

335 696 473 744 liquerit,
497 697 601 732 abbati
624 706 655 732 et
681 697 820 744 capitulo
848 696 1007 731 renuntiet
1029 707 1086 740 ge.-

336 750 444 785 nerali.
467 750 612 798 Singulis
630 752 723 786 annis
745 752 776 785 in
795 749 930 796 generali
950 748 1087 796 capitulo

336 813 397 838 tam
426 804 522 840 abbas
548 817 643 852 quam
675 804 767 839 balivi
802 812 831 839 et
854 803 976 850 priores
1011 801 1088 836 red-

336 858 410 893 dant
434 858 587 893 rationem
616 858 655 893 de
678 866 758 893 statu
781 865 811 893 et
839 856 947 891 debito
969 855 1091 890 officio·

337 923 405 946 rum
429 924 559 947 suorum
583 912 744 959 praeteriti
767 919 797 946 et
820 910 976 959 presentis
1002 910 1088 949 anni,

338 974 368 999 et
395 973 496 1000 status
523 973 554 1000 et
577 965 682 1000 debita
705 965 735 1000 in
759 965 913 1011 scriptum
942 963 1088 1010 redigan-

339 1028 402 1063 tur,
429 1028 460 1054 et
482 1031 554 1054 curn
579 1019 682 1066 sigillo
710 1019 838 1067 capituli
862 1018 1090 1053 custodiantur:

339 1073 370 1106 in
393 1072 530 1120 capitulo
551 1072 716 1120 sequentis
738 1073 810 1109 anni
835 1071 1004 1107 recitanda.
1027 1071 1093 1105 Nec

338 1126 436 1161 abbas
468 1138 525 1162 nec
558 1127 672 1175 aliquis
707 1127 746 1162 tle
783 1125 941 1174 prioribus
967 1125 1094 1172 aliquos

342 1179 486 1214 redditus
509 1180 623 1216 vendat
645 1181 692 1216 vel
716 1180 853 1215 invadiet
873 1180 932 1214 nisi
956 1178 993 1214 ad
1011 1192 1095 1226 prae-

341 1242 463 1269 sentem
491 1246 622 1269 annum.
653 1235 686 1269 Si
715 1233 827 1269 foedus
855 1233 901 1268 vel
925 1233 1007 1268 alius
1029 1233 1097 1268 red-

341 1287 425 1322 ditus
451 1288 679 1335 quoquomodo
701 1288 870 1325 acciderit.
908 1300 969 1322 non
1005 1287 1097 1322 detur

343 1341 391 1376 vel
420 1340 573 1376 vendatur
608 1343 779 1385 extraneis,
817 1342 874 1377 sed
902 1341 1027 1376 cellario
1055 1353 1097 1375 re-

344 1403 480 1430 maneat.
524 1394 680 1430 Similiter
724 1404 907 1430 ornamenta
949 1395 1096 1430 sacristae

346 1447 528 1491 reddantur,
562 1448 634 1483 libri
663 1449 807 1484 armario.
848 1448 894 1482 Ad
923 1448 1099 1483 accusatio-

346 1513 417 1535 nem
440 1503 660 1541 saecularium,
677 1502 863 1538 clericorum
883 1502 931 1536 vel
946 1502 1097 1537 laicorum

346 1554 493 1589 monachi
517 1567 579 1590 non
608 1556 873 1602 condemnentur,
897 1555 955 1590 nisi
979 1555 1098 1590 crimen

347 1610 384 1643 sit
414 1609 582 1645 notorium.
618 1610 685 1646 Nec
714 1610 828 1658 aliquis
863 1610 920 1644 nisi
952 1621 1100 1656 praesens

348 1662 525 1704 iudicetur,
559 1665 606 1700 vel
633 1665 802 1700 damnetur
830 1664 888 1699 nisi
913 1663 1006 1699 fuerit
1028 1676 1102 1699 con-

348 1724 464 1752 tumax.
501 1717 622 1765 Omnes
655 1718 823 1754 condonati
867 1718 895 1752 in
930 1717 1036 1752 babitu
1071 1726 1100 1753 et

351 1770 380 1805 in
416 1779 545 1808 tonsura
571 1785 588 1808 a
617 1772 833 1809 saecularibus
869 1772 1099 1807 discernantur.

350 1823 444 1860 Pueri
478 1838 539 1861 non
574 1827 769 1874 recipiantur
805 1826 883 1861 infra
917 1825 1099 1872 quindecim

350 1890 459 1913 annos.
500 1880 574 1915 Post
611 1881 758 1928 quintum
785 1880 944 1914 decimum
984 1891 1100 1914 annum

352 1943 406 1977 per
454 1934 623 1968 triennium
668 1934 699 1968 in
743 1932 885 1968 custodia
926 1941 1100 1967 teneantur.

350 1984 464 2021 Nullus
485 1988 660 2022 monachus
682 1987 832 2022 induatur
854 1986 1012 2030 camisiis,
1048 1986 1101 2021 sed

351 2038 500 2074 flaminiis
530 2049 670 2084 tantum,
709 2053 767 2075 nec
802 2048 908 2075 utatur
941 2040 1103 2074 stivalibus

351 2092 585 2139 attingentibus
607 2095 686 2130 ultra
714 2106 808 2140 genu.

405 2146 489 2194 Nulli
526 2160 600 2196 ergo
640 2148 770 2184 omnino
806 2148 969 2183 bominum
1013 2147 1103 2182 liceat

354 2203 434 2237 hanc
462 2202 606 2249 paginam
635 2210 759 2237 nostrae
787 2200 1037 2236 confirmationis
1062 2200 1105 2234 in-

355 2256 507 2302 fringere,
532 2255 578 2291 vel
593 2256 620 2290 ei
644 2268 723 2290 ausu
748 2254 913 2290 temerario
934 2254 1102 2289 contraire.

354 2310 386 2345 Si
410 2310 481 2357 quis
503 2318 605 2345 autem
629 2310 687 2344 hoc
711 2317 864 2344 attentare
887 2319 1105 2356 praesumpse-

356 2364 409 2405 rit,
438 2363 684 2410 indignationem
709 2361 936 2410 omnipotentis
970 2360 1039 2401 Dei,
1075 2369 1105 2395 et

355 2417 517 2452 beatorum
540 2416 623 2451 Petri
646 2424 675 2451 et
699 2416 786 2451 Pauli
805 2414 1020 2463 apostolorum
1036 2413 1105 2448 eius

355 2483 388 2505 se
411 2471 531 2506 noverit
553 2471 767 2506 incursurum.

406 2525 519 2560 Datum
546 2524 704 2565 Laterani,
728 2524 863 2571 septimo
891 2523 960 2558 idus
991 2523 1105 2562 martii,

358 2578 554 2625 pontificatus
588 2579 684 2613 nostri
712 2589 794 2613 anno
821 2576 956 2612 decimo.

407 2638 469 2668 Dat.
493 2640 540 2669 die
558 2639 577 2669 9
593 2639 689 2669 martii
709 2637 795 2674 1207,
817 2635 919 2676 pontif.
938 2644 1014 2666 anno
1032 2643 1058 2664 x.

1429 308 1571 345 XLVIII.

1129 394 1328 439 Confirmatio
1342 392 1503 428 bonorum,
1519 397 1543 423 et
1557 390 1789 434 privilegiorum
1809 398 1874 420 con·

1176 444 1266 476 cessio
1288 442 1423 487 capitulo
1449 440 1601 473 Ecclesiae
1623 438 1734 473 Sancti
1757 437 1878 470 Auiani

1176 491 1404 526 Aurelianensis
1432 492 1463 524 ι”Ι
1471 493 1492 526 ).

1395 567 1492 598 st'mt
1499 566 1608 597 Atttt'tt

1129 637 1295 667 Exordium.
1327 652 1366 658 —
1395 634 1555 664 Ecclesiam
1593 634 1668 663 hanc
1691 633 1747 664 sub
1777 637 1877 673 prote-

1169 682 1265 711 ctione
1285 681 1390 720 recipit
1413 679 1498 709 Sedis
1518 679 1715 717 Apostolicae:
1731 696 1771 702 —
1787 678 1879 718 Eique

1169 726 1242 756 bona
1263 726 1360 755 omnia
1384 725 1554 754 confirmat:
1572 740 1611 746 -
1638 722 1790 763 Privilegia
1807 734 1881 755 non-

1170 774 1247 804 nulla
1260 773 1394 803 concedit
1412 773 1573 802 canonicis.
1596 788 1635 794 ·-
1651 771 1840 803 Sacramenta
1865 783 1879 803 a

1171 819 1344 848 dioecesano
1363 817 1531 856 recipienda
1556 816 1705 856 praecipit.
1719 833 1758 839 —
1776 817 1880 848 Liber-

1171 867 1243 893 tates
1275 871 1378 891 omnes
1400 862 1443 892 eis
1466 863 1629 891 confirmat.
1652 877 1692 884 —
1716 861 1880 893 Clausulae.

1132 943 1305 971 lnnocentius
1321 942 1462 978 episcopus
1481 948 1576 970 servus
1595 948 1736 971 sorvorum
1764 942 1822 976 Dei.
1838 951 1882 972 ve.-

1176 991 1343 1020 nerabihbus
1375 992 1473 1019 decano
1500 990 1633 1019 Ecclesiae
1666 991 1760 1020 sancti
1790 992 1885 1021 Amani

1178 1040 1387 1073 Aurelianensis.
1404 1041 1516 1076 eiusque
1529 1039 1666 1068 fratribus
1683 1041 1741 1068 tam
1755 1046 1884 1076 praesen-

1178 1091 1254 1119 tibus
1277 1096 1358 1125 quam
1385 1088 1493 1118 futuris
1523 1089 1648 1117 canonice
1671 1089 1883 1124 substituendis.

1180 1141 1208 1168 in
1225 1141 1396 1176 perpetuum.

1186 1206 1268 1242 Cum
1307 1206 1447 1241 omniurn
1481 1205 1695 1240 Ecclesiarum
1733 1213 1883 1241 attentam
1928 1207 2048 1229 ‘mamm-

1138 1269 1244 1292 curam
1267 1265 1296 1291 et
1312 1254 1559 1290 sollicitudinem
1579 1267 1617 1289 ex
1632 1254 1776 1290 iniuncto
1794 1255 1886 1291 nobis

1139 1318 1154 1340 a
1182 1305 1249 1341 Deo
1278 1305 1470 1351 apostolatus
1504 1303 1606 1338 officio
1632 1316 1742 1350 gerere
1768 1304 1886 1340 debca-
1939 1348 1944 1352 ῃ

1140 1368 1223 1400 mus,
1243 1354 1282 1390 de
1298 1354 1361 1389 illis
1376 1363 1478 1389 tamen
1499 1353 1667 1401 praecipue
1688 1366 1747 1389 nos
1764 1362 1886 1402 oportet

1140 1417 1208 1439 esse
1235 1404 1396 1441 sollicitos,
1425 1415 1505 1450 quae
1527 1402 1564 1437 ad
1589 1403 1638 1439 ius
1664 1413 1704 1441 et,
1720 1403 1886 1451 proprieta-

1142 1462 1202 1488 tem
1238 1461 1365 1488 sanctae
1387 1452 1548 1488 Romanae
1578 1451 1737 1488 Ecclesiae
1764 1454 1888 1500 specia-

1141 1503 1200 1537 lius
1223 1503 1379 1550 pertinere.
1415 1510 1598 1546 noscuntur,
1627 1502 1717 1537 etde
1745 1503 1888 1550 Aposto-

1142 1552 1218 1586 licae
1241 1551 1334 1586 Sedis
1352 1551 1546 1598 protectione
1561 1551 1703 1597 ampliori
1723 1551 1888 1587 devotione

1141 1601 1323 1645 confidunt⁷
1356 1610 1383 1635 et
1415 1612 1453 1635 ne
1480 1600 1692 1647 quorumlibet
1722 1600 1886 1636 hominum

1142 1650 1172 1684 in
1196 1651 1300 1686 nobis,
1327 1662 1382 1684 seu
1410 1650 1502 1685 etiam
1525 1648 1732 1695 dignitatibus
1759 1659 1891 1686 temera-

1143 1705 1198 1739 riis
1220 1704 1348 1740 ausibus
1365 1704 1540 1750 tangentur,
1555 1703 1750 1739 auctoritatis
1764 1713 1891 1741 nostrae

1143 1759 1293 1805 suffragio
1315 1770 1367 1794 eas
1390 1758 1534 1793 convenit
1554 1758 1668 1806 pariter
1686 1759 1890 1795 communiri.
2108 1803 2110 1806 Ι

1144 1813 1296 1861 Ideoque,
1319 1812 1424 1847 dilecti
1453 1812 1483 1846 in
1511 1811 1647 1847 Domino
1674 1812 1747 1853 filii,
1777 1814 1892 1849 vestris
1909 1817 2088 1870 320¹⁰¹¹¹¹=¹¹¹t⁸22

1145 1867 1234 1901 iustis
1268 1865 1533 1913 postulationibus
1571 1865 1742 1901 clementer
1775 1854 2107 1908 annui-22:³5⁰“zz'3ms

1146 1933 1226 1962 mus,
1246 1929 1276 1955 et
1299 1921 1336 1955 ad
1360 1919 1520 1967 exemplar
1543 1919 1642 1955 felicis
1664 1920 1893 1956 recordationis
1903 1909 2049 1940 ⁶⁹⁰'¹⁰¹¹⁰³'²
2096 1917 2106 1939 '⁷

1144 1974 1316 2009 Alexandri
1344 1983 1372 2009 et
1404 1973 1493 2008 Lucii
1523 1973 1800 2020 praedecessorum
1832 1987 1892 2011 no-

1145 2038 1281 2065 strorum
1305 2028 1521 2064 Romanorum
1551 2027 1741 2064 Pontificum
1770 2028 1894 2076 praesa·

1146 2092 1206 2118 tam
1246 2082 1351 2117 Sancti
1388 2082 1499 2116 Auiani
1530 2081 1729 2123 Ecclesiam,
1769 2083 1797 2117 in
1827 2094 1894 2130 qua

1145 2137 1251 2172 divino
1266 2136 1432 2182 mancipati
1447 2136 1522 2170 estis
1543 2136 1710 2182 obsequio.
1736 2135 1797 2170 sub
1812 2135 1891 2172 beati

1145 2190 1229 2226 Petri
1254 2199 1283 2225 et
1306 2198 1409 2225 nostra
1434 2190 1629 2236 protectione
1650 2189 1844 2236 suscipimus
1862 2199 1893 2226 et
2103 2227 2105 2229 ,

1146 2245 1321 2291 praesentis
1335 2245 1443 2291 scripti
1461 2243 1624 2290 privilegio
1643 2244 1890 2278 communimus.
2090 2265 2106 2277 η

1145 2297 1327 2333 Statuentes
1351 2306 1380 2332 ut
1409 2309 1626 2345 quascumque
1654 2297 1892 2344 possessiones,
1915 2296 2108 2334 equum-ow&

1146 2364 1366 2400 quaecumque
1409 2351 1489 2387 bona
1529 2351 1637 2386 cadem
1676 2350 1820 2387 Ecclesia
1860 2353 1891 2388 in
1907 2338 2072 2358 ..monuwa

1148 2406 1302 2454 praesenti
1335 2407 1415 2441 iuste
1437 2414 1468 2440 et
1494 2404 1643 2440 canonice
1665 2404 1816 2452 possidet,
1842 2414 1893 2443 aut

1148 2461 1178 2494 in
1203 2460 1341 2494 futurum
1362 2456 1564 2495 concessione
1581 2458 1783 2502 Pontificum,
1806 2459 1895 2508 largi·

1149 2514 1233 2548 tione
1265 2526 1392 2560 regum,
1426 2513 1472 2548 vel
1505 2513 1701 2560 principum,
1733 2512 1894 2551 oblatione

1148 2567 1299 2612 fidelium,
1322 2580 1377 2603 seu
1400 2567 1470 2603 aliis
1495 2567 1586 2601 iustis
1609 2566 1710 2601 modis
1738 2565 1804 2601 Deo
1821 2579 1893 2616 pro·

1182 2637 1222 2673 (t)
1242 2637 1281 2665 Ex
1302 2637 1400 2670 ΒειΙιη.7
1423 2636 1535 2672 Ερίεῐοῐᾶ
1550 2636 1594 2663 95.
