2129 3223
148 284 196 310 Αιι,
218 285 245 311 C.
264 286 323 312 tem

397 274 464 307 180

342 348 370 374 et
400 336 601 385 postmodum
624 348 640 370 a
663 344 738 370 tunc
760 336 887 372 Sutrino
926 336 1088 383 episcopo,

343 400 434 435 quem
462 399 534 422 cum
557 385 668 421 abbate
690 385 796 421 Sancti
819 385 972 421 Anastasii
988 413 997 440 ².
1033 398 1088 432 pro

343 437 527 472 liberatione
550 434 736 471 venerabilis
764 435 867 470 fiwanis
902 435 998 471 nostri
1029 435 1088 470 Sa-

343 486 485 522 lernitani
507 485 737 533 archiepiscopi
760 486 965 530 miseramus,
980 492 1088 520 contra

343 536 473 571 sormam
496 535 632 570 mandati
660 535 757 570 nostri
777 535 816 571 de
849 535 929 570 facto
967 534 1088 570 solum-

343 586 450 631 modo⁷
483 585 555 633 quia
590 584 628 620 de
666 585 732 620 iure
774 598 835 620 non
875 584 977 632 potuit
1018 592 1088 632 post

342 648 431 671 suam
457 635 644 670 electionem
684 634 766 682 apud
801 634 1007 670 Warmatiam
1041 645 1089 668 oc·

343 685 425 720 culte
447 697 480 720 se
502 685 575 720 fecit
601 684 730 719 absolvi.
760 684 852 719 Unde
879 692 964 731 patet.
1002 683 1087 730 quod

344 735 437 770 suerit
457 735 748 770 excommunicatus
762 734 892 773 electus,
911 740 941 768 et
956 733 1088 773 videtur,

346 797 407 819 non
445 784 602 819 immerito
643 783 724 832 quod
752 783 857 818 adhuc
889 783 927 816 sit
970 795 1010 817 ex
1040 794 1091 818 ea-

345 834 416 869 dem
442 846 537 870 causa
577 832 912 869 excommunicationis
933 833 1088 868 sententia

345 883 535 923 innodatus,
585 895 656 918 cum
705 882 884 930 praedictus
922 882 1090 930 episcopus

343 933 418 968 dum
445 932 628 969 auctoritate
650 944 704 967 sua
733 944 794 967 uon
836 940 941 978 posset
982 931 1089 967 absol-

344 995 425 1023 vere
447 982 630 1018 auctoritate
652 994 724 1017 vero
746 989 870 1016 nostrae
884 981 1089 1036 delegationis

343 1045 401 1068 nec
438 1032 521 1080 plus,
556 1044 615 1067 nec
651 1031 739 1066 aliter
775 1030 884 1066 liceret
923 1030 982 1065 hoc
1029 1044 1089 1077 ipsi

341 1095 434 1129 quam
457 1081 542 1130 quod
569 1081 595 1116 ei
623 1081 722 1115 suerat
742 1079 782 1115 ab
808 1079 991 1128 Apostolica
1007 1080 1089 1114 Sede

342 1143 536 1167 concessum
577 1130 624 1166 Ex
671 1142 708 1165 eo
741 1130 833 1164 etiam
877 1130 1089 1164 excommuni-

342 1181 473 1217 cationis
494 1180 667 1216 sententiae
688 1180 851 1214 subiacere
872 1178 1009 1214 creditur
1028 1191 1091 1214 ma-

342 1231 467 1276 nifeste,
488 1230 571 1278 quod
607 1242 676 1265 cum
717 1229 855 1277 perfidus
892 1228 1091 1264 Marcualdus

341 1281 398 1316 Dei
420 1289 451 1315 et
472 1279 631 1315 Ecclesiae
652 1279 818 1323 inimicus,
845 1291 917 1313 cum
938 1278 1091 1313 universis

341 1330 513 1366 fautoribus
531 1337 593 1364 tam
620 1328 827 1364 Theutonicis
858 1340 951 1375 quam
985 1327 1091 1363 latinis

341 1378 680 1416 excommunicationis
707 1378 847 1433 vulgatae
871 1377 1002 1412 vinculis
1015 1390 1089 1412 suae

342 1429 514 1484 iniquitatis
552 1428 673 1463 meritis
716 1428 755 1462 sit
795 1427 963 1467 astrictus,
1010 1427 1089 1461 sicut

344 1491 402 1515 iam
435 1478 522 1513 vobis
561 1490 616 1525 per
650 1477 768 1512 litteras
802 1485 924 1512 nostras
957 1475 1090 1511 directas

343 1541 398 1576 per
425 1528 460 1562 P.
482 1527 618 1562 iudicem
640 1526 858 1561 Placentinum
886 1526 986 1581 ipsius
1013 1525 1089 1559 Phi-

343 1578 420 1625 lippi
443 1577 590 1612 nuntium
607 1576 768 1610 intimasse
784 1576 998 1614 meminimus,
1012 1587 1090 1621 quas

343 1627 380 1662 ad
408 1627 507 1674 ipsius
528 1626 668 1673 Philippi
707 1625 894 1661 audientiam
929 1624 1090 1659 credimus

344 1676 545 1724 pervenisse,
581 1675 649 1722 ipse
685 1674 913 1714 nihilominus,
946 1674 1090 1721 quamvis

344 1726 372 1761 id
389 1738 450 1761 non
474 1733 593 1762 tantum
617 1736 654 1760 ex
676 1723 850 1759 relatione
844 1723 943 1770 ipsius
964 1723 1090 1767 iudicis,

342 1775 397 1811 sed
419 1775 511 1810 etiam
540 1786 596 1822 per
618 1773 774 1821 publicam
801 1773 913 1808 famam
943 1772 982 1807 ad
1026 1784 1089 1808 no—

344 1825 442 1861 titiam
464 1824 532 1859 eius
562 1823 734 1864 devenerit,
760 1822 866 1858 eidem
906 1834 1090 1857 excommu-

344 1875 446 1910 nicato
468 1886 530 1908 non
554 1873 657 1907 solum
680 1873 905 1913 communicat,
930 1871 985 1906 sed
1017 1884 1089 1906 eum

344 1925 374 1959 in
398 1923 516 1958 malitia
544 1935 598 1958 sua
623 1922 715 1963 fovet,
737 1931 767 1957 et
801 1934 855 1969 per
890 1921 1027 1963 nuntios,
1060 1928 1091 1956 et

344 1974 461 2009 litteras
487 1985 560 2008 suas
585 1972 710 2007 exacuit
742 1972 877 2006 furorem
913 1971 1011 2018 ipsius
1058 1979 1091 2005 ut

345 2022 570 2059 charissimum*
594 2021 625 2056 in
657 2020 783 2056 Christo
822 2021 920 2055 filium
948 2028 1089 2056 nostrum

346 2072 539 2108 Fridericum
566 2071 694 2107 Siciliae
721 2082 826 2125 regem
854 2070 1004 2105 illustrem
1040 2083 1091 2106 ne-

347 2131 449 2170 potem
476 2134 582 2162 suum,
609 2132 702 2168 quem
725 2133 785 2155 iam
809 2119 998 2155 haereditate
1029 2132 1091 2167 pa-

346 2181 433 2208 terna
460 2172 601 2219 privavit,
628 2170 730 2206 adhuc
764 2169 860 2216 privet
892 2169 1090 2217 possessione

347 2230 496 2257 materna.
525 2220 611 2256 ldem
652 2220 744 2255 etiam
783 2226 891 2254 contra
929 2231 1089 2267 proprium

348 2273 571 2310 iuramentum,
599 2282 694 2317 super
715 2281 777 2315 quo
799 2281 857 2304 nec
883 2268 1047 2304 consilium
1075 2282 1090 2304 a

346 2321 429 2357 Sede
470 2320 649 2367 Apostolica
697 2318 869 2365 requisivit,
911 2318 1092 2353 ambitionis

347 2372 421 2406 vitio
448 2382 579 2417 regnum
607 2369 664 2403 sibi
693 2380 842 2423 usurpare
870 2368 1091 2423 praesumpsit

347 2433 410 2455 non
431 2419 527 2455 alium
556 2431 648 2454 causa
683 2418 877 2453 necessitatis
912 2430 942 2452 1n
986 2430 1091 2472 regern

348 2470 472 2517 eligere.
495 2469 589 2511 Quod
614 2475 786 2515 utcumque
823 2467 1015 2502 tolerabilius
1048 2480 1093 2501 vi-

349 2519 485 2560 deretur,
513 2531 583 2554 cum
603 2529 698 2565 super
719 2518 771 2552 illo
794 2517 969 2552 iuramento
995 2517 1094 2552 Sedes

350 2568 532 2616 Apostolica
555 2568 640 2614 prius
666 2566 788 2602 consuli
815 2566 987 2608 debuisset
1011 2567 1094 2602 sicut

350 2626 381 2652 et
413 2628 481 2652 eam
515 2617 641 2664 quidam
681 2615 872 2652 consuluere
910 2594 1093 2663 prudenter,

350 2666 435 2716 apud
462 2679 555 2714 quam
578 2678 616 2702 ex
643 2666 840 2702 institutione
861 2664 963 2701 divina
987 2666 1094 2715 pleni-

936 282 1070 305 BULLARi
1077 282 1121 304 [m
1148 281 1310 304 ROMANUM

1129 334 1204 370 tudo
1240 334 1355 369 residet
1397 335 1567 382 potestatis.
1609 333 1674 370 Nec
1719 333 1799 369 valet
1834 333 1872 370 ad

1131 385 1254 432 plenam
1282 384 1516 420 excusationem
1558 383 1681 431 ipsius⁷
1721 383 1747 419 si
1789 383 1874 419 iura-

1129 442 1270 469 mentum
1294 433 1367 469 illud
1391 433 1512 469 dicatur
1540 433 1695 475 illicitum,
1722 445 1794 468 cum
1824 433 1873 468 ni—

1129 484 1301 518 hilominus
1327 495 1423 530 super
1445 496 1482 518 eo
1508 495 1566 518 nos
1588 483 1675 530 prius
1709 483 1874 519 consulere

1129 533 1290 569 debuisset
1321 546 1413 581 quam
1447 540 1554 568 contra
1601 533 1705 588 ipsum
1749 534 1873 581 propria

1130 584 1303 618 temeritate
1317 583 1435 627 venire,
1451 583 1504 617 illo
1518 582 1699 630 praesertim
1716 582 1874 630 exemplo,

1129 633 1213 680 quod
1241 645 1313 668 cum
1335 632 1528 667 Gabaonitae
1549 644 1565 666 a
1588 632 1660 666 filiis
1690 632 1785 668 Israel
1821 644 1875 679 per

1131 683 1271 718 fraudem
1299 681 1516 737 subripuerint
1545 682 1780 726 iuramentum,
1812 682 1873 729 ipsi

1131 740 1245 773 tamen,
1268 732 1390 778 cognita
1413 731 1532 771 fraude,
1559 730 1728 765 noluerunt
1766 739 1873 766 contra

1131 781 1205 816 illud
1227 794 1281 817 sua
1305 781 1479 817 temeritate
1500 781 1616 816 venire.
1642 779 1735 822 Quod
1769 788 1872 816 autem

1130 831 1169 866 de
1190 843 1304 877 genere
1330 839 1566 878 persecutorum
1594 830 1717 874 existat,
1743 842 1797 866 vos
1811 843 1872 866 non

1130 881 1290 916 credimus
1327 880 1481 936 dubitare,
1514 892 1585 915 cum
1614 880 1783 921 Henricus‚
1820 881 1873 936 qui

1132 931 1252 977 primus
1274 931 1440 978 imperium
1464 930 1503 965 de
1523 942 1637 976 genere
1663 929 1723 965 hoc
1743 930 1874 977 accepit,

1131 981 1229 1016 bonae
1257 981 1426 1016 memoriae
1453 979 1636 1015 Paschalem
1658 979 1775 1035 Papam
1791 991 1876 1027 prae·

1130 1030 1327 1065 decessorem
1356 1037 1497 1065 nostrum
1526 1042 1597 1064 cum
1619 1029 1788 1077 episcopiS,
1806 1041 1872 1065 car-

1131 1079 1301 1121 dinalibus,
1323 1088 1353 1115 et
1368 1079 1473 1114 multis
1484 1078 1644 1114 nobilibus
1660 1078 1873 1114 Romanorum

1131 1130 1374 1176 praesumpserit
1388 1130 1555 1176 captivare.
1577 1128 1758 1164 Fridericus
1772 1135 1874 1164 autem

1132 1186 1217 1225 pater
1240 1179 1338 1225 ipsius
1361 1178 1498 1225 Philippi
1540 1187 1649 1213 contra
1690 1177 1790 1213 felicis
1825 1190 1876 1213 re-

1131 1228 1321 1263 cordationis
1348 1227 1559 1264 Alexandrum
1604 1227 1874 1275 praedecessorem

1132 1286 1272 1312 nostrum
1296 1278 1389 1325 longo
1423 1286 1563 1324 tempore
1605 1278 1741 1313 schisma
1788 1277 1873 1312 fovit.

1131 1327 1288 1363 Heni-icus
1309 1328 1403 1362 frater
1429 1327 1529 1374 ipsius
1566 1327 1708 1375 Philippi
1741 1326 1876 1375 qualiter

1131 1390 1163 1411 se
1203 1377 1347 1412 habuerit
1381 1377 1463 1412 circa
1498 1376 1713 1412 interfectores
1749 1385 1875 1412 sanctae

1132 1427 1299 1461 memoriae
1339 1426 1458 1461 Alberti
1506 1425 1689 1462 Leodiensis
1723 1427 1874 1475 episcopi,

1130 1488 1225 1523 quem
1259 1477 1325 1523 ipse
1365 1476 1451 1523 prius
1487 1483 1630 1522 coegerat
1663 1476 1799 1517 exulare,
1838 1489 1875 1511 ac

1130 1525 1308 1566 conradus,
1365 1526 1418 1572 qui
1464 1525 1656 1571 praedictum
1695 1525 1874 1561 Ostiensem

1130 1575 1313 1622 episcopum
1329 1583 1484 1621 coeperat,
1500 1575 1575 1611 satis
1590 1576 1699 1610 nostis:
1713 1575 1765 1623 qui
1781 1575 1874 1611 etiam

1130 1624 1263 1671 qualiter
1308 1624 1516 1660 venerabilem
1560 1624 1685 1660 fratrem
1733 1632 1874 1660 nostrum

1131 1674 1341 1709 Anximanum
1369 1674 1553 1722 episcopum
1597 1674 1694 1721 alapis
1728 1674 1797 1709 cedi
1829 1674 1877 1710 fe-

1131 1723 1219 1763 cerit,
1245 1731 1275 1757 et
1302 1723 1382 1770 pilos
1409 1723 1446 1758 de
1486 1724 1579 1759 barba
1617 1724 1684 1758 eius
1724 1724 1814 1759 avelli
1846 1732 1877 1759 et

1131 1773 1252 1807 tractari
1277 1773 1394 1807 eumin
1419 1773 1561 1820 pluribus
1587 1773 1763 1814 inhoneste,
1797 1786 1875 1820 qua-

1131 1821 1200 1856 liter
1221 1834 1345 1869 quoque
1359 1822 1512 1869 quosdam
1529 1822 1697 1858 familiares
1715 1822 1875 1858 Ecclesiae

1130 1871 1294 1907 Romanae
1317 1883 1391 1906 naso
1421 1872 1530 1908 fecerit
1566 1872 1715 1917 mutilati,
1742 1872 1876 1920 qualiter

1131 1921 1323 1968 praedictum
1345 1921 1580 1957 Salernitanum
1601 1921 1873 1970 archiepiscopum

1131 1971 1304 2018 captivarit,
1326 1979 1356 2005 et
1376 1972 1528 2026 quosdam
1552 1972 1633 2007 viros
1647 1972 1875 2008 ecclesiasticos

1132 2021 1264 2055 {lammis
1302 2021 1410 2055 torreri
1445 2022 1565 2066 fecerit,
1604 2021 1756 2069 quosdam
1803 2034 1875 2057 vero

1132 2070 1216 2104 vivos
1238 2070 1267 2104 in
1291 2082 1375 2104 mare
1397 2070 1568 2118 submergi,
1587 2072 1625 2106 ad
1649 2079 1781 2107 vestram
1811 2084 1877 2107 cre-

1131 2119 1236 2154 dimus
1257 2120 1448 2155 audientiam
1473 2122 1663 2176 pervenisse.
1702 2121 1769 2156 Hae
1802 2129 1876 2156 sunt

1133 2181 1250 2216 paucae
1277 2169 1314 2203 de
1329 2169 1464 2205 multis
1458 2171 1582 2206 iniuriis
1597 2171 1785 2226 persoiiale5‚
1799 2183 1876 2218 quas

1132 2218 1330 2273 Apostolicae
1365 2219 1440 2254 Sedi
1486 2222 1567 2255 circa
1608 2220 1689 2255 viros
1726 2220 1876 2255 ecclesia—

1131 2269 1273 2303 siasticos
1296 2270 1483 2315 irrogarunt.
1512 2269 1625 2305 Rcales
1659 2277 1762 2304 autem
1792 2270 1875 2305 iniu-

1132 2318 1192 2353 rias
1219 2318 1423 2363 subticemus,
1461 2332 1539 2366 quas
1574 2319 1602 2354 ei
1634 2319 1715 2354 circa
1751 2331 1876 2366 posses-

1132 2368 1237 2403 siones
1266 2368 1491 2404 ecclesiasticas
1534 2368 1717 2413 intulerunt,
1752 2381 1791 2404 ne
1825 2371 1875 2404 cui

1133 2425 1238 2472 posset
1260 2430 1402 2464 perverse
1428 2418 1612 2465 intelligenti
1646 2418 1755 2459 videri,
1790 2419 1875 2466 quod

1133 2480 1188 2522 pro
1212 2479 1277 2501 iure
1298 2480 1333 2502 ac
1368 2468 1485 2503 honore
1520 2467 1640 2515 imperii
1678 2467 1876 2503 defendendo

1135 2517 1262 2552 iniurias
1289 2517 1467 2553 huiusmodi
1491 2516 1708 2572 perpetrarint
1729 2529 1800 2553 cum
1820 2531 1877 2553 nos

1134 2568 1185 2601 ius
1207 2574 1238 2601 et
1259 2566 1410 2602 honorem
1434 2569 1556 2614 imperii
1597 2578 1782 2602 conservare
1825 2581 1877 2602 ve-

1134 2616 1230 2651 limus
1257 2629 1312 2664 pei
1332 2617 1438 2652 omnia
1461 2616 1626 2651 illibatum.
1664 2616 1759 2658 Quod
1794 2617 1875 2652 idem

1134 2665 1301 2714 Philippus
1335 2666 1494 2702 Ecclesiae
1527 2673 1706 2707 persecutor
1743 2667 1878 2702 extiterit

1888 278 1938 305 An.
1954 278 1982 305 C.
2003 278 2065 305 ¹201

1902 794 1995 820 Henrici,
2024 795 2071 818 Pri-

1888 827 1954 848 derici
1977 830 1999 847 ot
2019 825 2070 847 Phi-

1887 858 1938 885 lippi
1951 859 1972 878 in
1994 856 2071 878 Eccle-

1888 890 1939 910 siam
1974 889 2064 911 erimina
