2129 3223
30 288 80 316 An.
97 289 128 316 G.
142 290 208 317 ¹259

39 1913 130 1936 caussae
140 1913 211 1935 leren-

30 1944 68 1967 tlue
81 1943 142 1972 legin.

822 291 950 314 ALEXAN
957 291 1020 314 DER
1043 290 1074 312 lv
1096 291 1146 313 PP.

223 344 344 388 vestris,
366 345 416 391 qui
436 357 497 379 una
521 344 681 379 vobiscum
698 345 727 378 in
748 345 967 391 prosecutione

222 392 401 428 huiusmodi
430 394 545 440 negotii
581 393 784 434 laborabunt,
820 401 851 428 et
880 394 967 435 aliis,

221 441 274 489 qui
287 442 325 478 ad
349 442 598 489 impugnandum
627 442 814 486 haereticos,
836 442 968 478 creden-

221 498 287 537 tes,
320 499 545 538 receptatores,
579 492 714 526 lautores
735 500 765 526 et
786 491 968 527 defensores

221 519 342 584 eoriim,
368 540 456 575 vobis
482 554 516 575 ex
540 541 646 576 animo
668 540 817 576 auxilium
843 541 966 596 praesti-

222 590 317 624 terint
350 590 395 624 vel
419 590 572 630 favorem
595 598 659 625 tres
680 602 780 624 annos
802 589 841 624 de
869 590 969 625 iniun-

221 646 267 674 cta
290 639 349 673 sibi
372 639 563 686 poenitentia
587 639 772 674 relaxamus
800 638 839 672 Et
862 639 886 673 si
914 640 967 686 qui

221 700 258 723 ex
275 688 320 723 eis
336 689 364 722 in
383 689 628 736 prosequutione
646 688 829 722 huiusmodi
853 689 967 734 negotii

221 737 299 772 forte
313 737 518 778 decesserint,
539 738 586 772 eis
599 747 796 784 peccatorum
813 738 967 775 omnium,

220 786 260 820 de
287 786 403 833 quibus
424 787 518 821 corde
552 787 674 822 contriti
699 799 735 821 ac
756 798 810 820 ore
831 786 966 821 confessi

221 835 353 880 fuerint,
381 836 505 883 plenam
534 836 655 870 veniam
680 835 893 881 indulgemus

268 883 382 919 Datum
406 885 567 932 Anagniae
588 885 847 931 decimoseptimo
866 885 969 920 kalen-

219 933 276 968 das
298 934 446 977 octobris,
470 934 670 981 pontificatus
694 934 789 968 nostri
813 946 895 968 anno
918 946 947 968 ν.

228 994 290 1025 Dat.
308 995 355 1025 die
370 996 406 1025 15
424 995 598 1034 septembris
619 996 701 1032 1259,
717 996 819 1034 pontif.
838 1005 912 1025 anno
931 1005 953 1024 v.

566 1151 617 1186 LI.

219 1234 441 1278 Inquisitorum
464 1234 631 1266 haereticae
650 1234 815 1277 pravitatis
837 1234 969 1277 facultas

268 1283 397 1327 cogendi
416 1294 618 1327 quoscumque
643 1284 841 1326 magistratus
868 1290 893 1315 e!
920 1284 970 1326 of-

266 1332 382 1376 ficiales
397 1333 439 1365 ad
451 1332 659 1375 exequendam
677 1342 780 1365 eorum
796 1332 968 1365 sententias.

486 1406 697 1438 sttMMARtUM

220 1474 331 1506 Causae
357 1474 493 1504 serendae
526 1474 609 1512 legis.
632 1490 670 1496 -
692 1474 718 1503 1.
749 1474 894 1504 statutum
920 1475 971 1512 (de

260 1528 309 1559 quo
326 1519 355 1548 in
372 1518 505 1556 rubrica).
517 1535 555 1540 —
569 1518 597 1547 ἒ.
612 1517 796 1547 Obstautium
810 1519 969 1556 derogatio.

219 1594 369 1624 Alexander
379 1594 522 1630 episcopus
534 1600 629 1622 servus
640 1600 780 1623 servorum
791 1594 846 1626 Dei.
863 1594 973 1622 dilectis

264 1643 330 1672 tuiis
347 1643 486 1672 tratribus
503 1643 535 1671 de
554 1643 646 1672 ordine
664 1643 806 1676 Minorum.
825 1643 972 1679 inquisito-

264 1693 343 1722 ribus
358 1692 514 1721 haereticae
532 1692 685 1728 pravitatis
703 1692 731 1720 in
742 1692 882 1728 provincia
897 1692 973 1720 Beati

265 1742 410 1776 nancisci,
429 1742 551 1771 salutem
569 1743 599 1771 et
614 1742 792 1778 apostoticam
808 1741 971 1770 benedictio·

266 1799 336 1821 uem.

247 1859 253 1864 ’
271 1862 321 1898 Ad
343 1862 533 1898 audientiam
553 1870 691 1896 nostram
714 1862 867 1909 pervenit,
889 1861 972 1909 quod

226 1920 408 1960 potestates,
427 1920 575 1951 rectores,
598 1911 730 1955 iudices,
752 1912 881 1955 antiani,
904 1910 974 1945 offi-

225 1961 331 2002 ciales,
352 1961 482 1995 consilia
504 1969 534 1995 et
557 1961 798 1995 communitates
826 1972 975 2007 quorum<

226 2011 298 2046 dam
333 2017 525 2049 castrorum,
563 2010 704 2044 locorum
745 2017 775 2044 et
814 2010 973 2044 civitatum

228 2059 407 2107 provinciae
429 2058 515 2093 Beati
539 2058 710 2100 Francisci,
733 2058 763 2092 in
787 2071 846 2105 qua
871 2059 976 2105 inqui-

227 2109 300 2143 sitio
321 2115 430 2143 contra
452 2108 626 2142 haereticos
645 2107 730 2142 vohis
752 2120 767 2142 a
789 2108 872 2142 Sede
894 2108 977 2155 Apo-

227 2158 336 2193 stolica
373 2165 421 2192 est
454 2157 638 2197 commissa,
666 2157 748 2191 circa
775 2157 977 2192 executiones

228 2207 467 2246 sententiarum,
489 2218 567 2253 quas
592 2213 699 2240 contra
721 2214 842 2241 notatos
869 2218 978 2253 suspe-

229 2265 297 2292 ctos
334 2256 374 2291 de
413 2256 567 2290 haeretica
605 2255 768 2301 pravitate,
803 2255 977 2296 credentes,

230 2305 367 2341 fautores
393 2313 425 2339 et
457 2312 667 2351 receptatores
687 2316 795 2338 eorum
822 2305 978 2351 profertis,

230 2367 247 2390 a
270 2354 357 2390 vobis
384 2366 481 2401 super
498 2353 558 2388 hoc
585 2353 741 2407 requisiti,
761 2365 794 2387 se
821 2354 977 2388 interdum

232 2403 368 2439 reddunt
402 2403 546 2438 difficiles
579 2410 609 2436 et
648 2402 740 2437 etiarn
773 2402 977 2457 negligentes.

232 2453 298 2488 Nos
324 2453 430 2509 itaque
452 2452 605 2495 volentes,
637 2451 722 2499 quod
746 2452 904 2497 negotium
938 2452 981 2485 in-

233 2502 416 2549 quisitionis
445 2500 628 2537 huiusmodi
666 2500 832 2535 salutarem
865 2512 975 2535 eonse-

234 2558 350 2597 quatur
383 2551 549 2595 effectum,
590 2551 672 2585 circa
713 2561 748 2584 ea
789 2549 982 2584 intendimus

234 2601 340 2634 animo
369 2600 519 2646 vigilanti,
542 2612 598 2647 per
623 2611 715 2646 quae,
738 2598 893 2634 submotis
910 2599 983 2646 qui-

235 2648 371 2684 buslibet
389 2649 569 2690 obstaculis,
593 2648 785 2696 praedictum
809 2648 983 2694 negotium,

1635 274 1705 309 669

1008 343 1076 379 Deo
1103 343 1249 392 propitio,
1283 343 1322 379 de
1350 343 1433 378 bono
1467 342 1497 376 in
1533 339 1647 376 melius
1677 337 1756 373 diri-

1008 401 1108 440 gatur.

1056 443 1076 489 S
1106 445 1135 476 l.
1158 442 1313 484 Quocirca
1337 439 1531 476 universitati
1559 446 1678 476 vestrae
1701 449 1758 486 per

1009 492 1177 538 apostolica
1216 491 1330 538 scripta
1366 489 1565 532 mandamus,
1602 496 1758 535 quatenus

1010 548 1196 588 potestates,
1231 548 1385 583 rectores,
1425 538 1563 577 iudices,
1604 538 1758 576 antianos,

1009 590 1157 626 officiales
1178 601 1380 643 quocumque
1407 588 1536 623 nomine
1558 595 1758 625 censeantur,

1009 639 1141 674 consilia
1159 648 1190 674 et
1206 639 1450 674 communitates
1467 635 1654 684 praedictas,
1673 634 1757 683 quod

1010 693 1191 729 huiusmodi
1218 693 1392 727 sententias
1414 703 1429 725 a
1453 690 1540 725 vobis
1562 689 1640 724 latas
1661 695 1692 723 et
1714 687 1760 723 fe-

1010 747 1133 788 rendas,
1160 747 1253 782 etiam
1281 745 1406 781 sublato
1432 743 1600 779 cuiuslibet
1630 742 1759 777 dilatio—

1010 801 1060 836 nis
1085 808 1116 836 et
1144 800 1334 835 difficultatis
1365 797 1546 838 obstaculo,
1581 795 1758 831 executioni

1009 854 1211 898 demandent,
1235 853 1411 888 monitione
1433 850 1617 899 praemissa,
1633 861 1688 896 per
1704 861 1760 883 ex-

1009 908 1306 943 communicationis
1327 907 1356 941 in
1380 917 1532 954 personas
1556 910 1760 951 potestatum,

1010 971 1179 1002 rectorum,
1220 961 1373 1005 iudicum,
1397 960 1611 1001 antianorum,
1641 956 1761 991 officia-

1009 1017 1086 1051 lium
1109 1024 1140 1050 et
1161 1016 1426 1055 consiliariorum,
1454 1025 1490 1048 ae
1516 1012 1700 1060 privationis
1721 1012 1760 1048 ab

1010 1069 1139 1111 officiis,
1175 1077 1206 1105 et
1239 1070 1269 1103 in
1308 1068 1462 1112 civitates,
1501 1074 1601 1101 castra
1628 1073 1658 1101 et
1693 1065 1760 1101 loca

1010 1123 1206 1165 huiusmodi,
1233 1122 1390 1159 interdicti
1413 1121 1597 1164 sententias,
1620 1120 1761 1168 appella—

1010 1178 1094 1213 tione
1122 1186 1252 1218 remota,
1279 1177 1406 1223 cogatis.

1058 1232 1132 1278 §2
1160 1231 1231 1265 Non
1259 1230 1401 1265 obstante
1433 1228 1537 1275 aliqua
1564 1226 1760 1275 indulgentia

1011 1285 1104 1320 Sedis
1131 1285 1343 1332 Apostolicae,
1370 1283 1410 1318 de
1441 1295 1503 1330 qua
1532 1282 1685 1328 cuiusque
1711 1291 1760 1317 te-

1011 1351 1087 1374 nore
1114 1346 1258 1387 oporteat
1285 1338 1316 1372 in
1345 1337 1461 1372 nostris
1500 1335 1612 1370 litteris
1637 1335 1760 1382 plenam

1011 1401 1042 1427 et
1078 1404 1260 1440 expressam
1292 1391 1485 1426 mentionem
1520 1389 1604 1430 fieri,
1638 1397 1668 1423 et
1709 1401 1763 1435 per

1011 1459 1105 1494 quam
1138 1447 1269 1480 effectus
1299 1444 1512 1493 praesentium
1536 1442 1682 1490 impediri
1710 1455 1763 1476 va-

1012 1501 1070 1536 leat
1094 1501 1142 1535 vel
1170 1500 1297 1534 differri.

1060 1556 1175 1590 Datum
1192 1553 1355 1600 Anagniae
1376 1551 1592 1587 decimotertio
1614 1549 1764 1585 kalendas

1013 1609 1172 1650 februarii,
1197 1608 1398 1655 pontificatus
1430 1605 1527 1640 nostri
1555 1617 1637 1639 anno
1664 1611 1761 1637 sexto.

1041 1671 1101 1701 Dat.
1121 1671 1166 1700 die
1189 1670 1227 1700 20
1243 1668 1366 1699 ianuarii
1387 1668 1470 1703 1250,
1488 1666 1589 1706 pontif.
1612 1674 1688 1695 anno
1706 1673 1743 1693 vr.

1354 1868 1419 1902 Lll.

1019 1962 1241 2005 Inquisitorum
1268 1959 1434 1992 haereticae
1465 1958 1632 2003 pravitatis
1659 1965 1766 1990 aucto-

1065 2016 1141 2049 ritas
1172 2014 1368 2059 compellendi
1399 2023 1602 2057 quoscumque
1640 2011 1682 2045 ad
1707 2011 1769 2044 sibi

1065 2070 1268 2103 exhibendum
1303 2068 1471 2112 scripturas
1505 2074 1531 2099 et
1566 2067 1767 2099 instrumenta

1066 2123 1232 2166 spectantia
1245 2123 1287 2155 ad
1301 2121 1436 2166 officium
1457 2127 1578 2154 sanetae
1597 2119 1769 2163 inquisitio-

1067 2178 1126 2215 nis,
1152 2183 1179 2209 et
1210 2176 1398 2209 convocandi
1422 2175 1534 2208 clerum
1559 2180 1586 2207 et
1619 2173 1769 2217 populum

1068 2231 1212 2263 adversus
1228 2230 1391 2262 haereticos
1405 2235 1431 2261 et
1449 2239 1552 2261 eorum
1573 2229 1717 2271 fautores.

1288 2318 1501 2350 SUMMARtUM

1021 2391 1156 2421 Facultas
1179 2389 1374 2428 compellendi
1403 2398 1506 2418 omnes
1530 2388 1670 2418 habentes
1692 2388 1768 2418 scri-

1062 2440 1161 2475 pturas
1181 2438 1345 2473 spectantes
1372 2433 1407 2462 ad
1426 2433 1659 2472 inquisitionem:
1683 2449 1721 2454 —-
1744 2432 1771 2461 l.

1062 2478 1296 2517 Absolvendique
1315 2477 1470 2507 redeuntes
1494 2477 1529 2506 ad
1547 2476 1666 2513 Fidem3
1681 2493 1719 2498 —
1743 2476 1772 2506 2.

1061 2522 1243 2552 Convocandi
1264 2522 1373 2551 clerum
1393 2526 1421 2551 et
1442 2521 1602 2560 poputum3
1623 2537 1661 2543 —
1679 2520 1707 2551 3.
1726 2519 1772 2550 Iu-

1064 2567 1230 2605 dulgentias
1256 2565 1428 2604 elargiendi:
1449 2582 1488 2588 —
1503 2566 1532 2595 t.
1553 2563 1588 2594 Et
1609 2565 1770 2594 summarie

1063 2616 1162 2641 contra
1185 2620 1287 2640 omnes
1311 2609 1506 2650 procedendi:
1534 2625 1572 2632 -
1597 2609 1624 2638 5.
1642 2608 1771 2644 Quibus-

1064 2665 1190 2695 cumque
1208 2664 1265 2685 non
1284 2653 1479 2684 obstantibus.

1771 282 1822 310 An.
1840 281 1869 308 C.
1884 280 1952 308 ¹260

1784 444 1888 465 statutum
1917 444 1953 465 (110

1772 481 1812 503 quo
1819 476 1840 496 in
1850 474 1943 498 rubrica)

1781 1237 1912 1259 Obntautium
1923 1238 1958 1258 do-

1774 1269 1863 1295 rogatio.
