2129 3223
24 293 86 330 'Am
101 297 130 325 C.
147 296 216 324 1255

271 363 353 383 sores
388 358 572 383 statutorum.
594 369 631 374 —-
664 352 815 391 l'ropriuin
844 362 899 381 noti
924 352 978 382 lia-

273 397 411 428 bcndum.
429 414 468 420 -
486 397 524 427 De
543 398 598 426 vita
623 397 782 426 communi.
800 414 838 419 —
858 396 894 426 De
912 397 980 426 visi-

272 440 425 471 tatoribus.
448 458 487 463 -—
505 440 542 469 De
562 439 709 479 prioribus
724 441 978 470 conventualibus.

268 501 308 508 —
340 484 511 523 Supradicta
546 489 651 514 statuta
684 485 905 515 confirmantur.
943 501 980 506 -—

268 528 433 558 Glausulae.

227 602 378 643 Alexander
394 603 535 638 episcopus
546 609 641 631 servus
653 608 792 631 servorum
802 602 858 636 Dei,
872 603 980 632 ditectis

271 651 336 680 titiis
359 651 492 687 generati.
514 653 544 680 et
564 651 683 680 caeteris
701 651 847 687 prioribus,
873 659 904 681 ac
922 653 978 681 uni·

271 701 358 730 versis
396 699 533 729 fratribus
565 701 669 729 ordinis
686 700 868 729 Eremitarum
888 702 981 730 Sancti

272 749 417 785 Augustini
434 750 492 777 tam
515 749 717 785 praesentibus.
756 755 837 785 quam
865 749 978 783 futuris.

272 797 390 827 salutem
409 799 438 826 et
457 797 636 834 apostoticam
654 797 874 826 benedictionem.

278 868 319 902 lis
340 880 420 915 quae
450 880 505 915 pro
526 868 703 903 animarum
725 868 837 909 salute,
861 881 896 904 ac
912 881 980 915 pro-

230 917 309 952 fectu
338 916 578 964 obsequentium
605 917 743 952 Domino
769 930 785 952 a
817 918 890 952 viiis
929 931 979 953 re-

229 966 347 1021 ligiosis
368 966 498 1013 provide
533 973 716 1001 statuuntur
754 966 888 1001 libenter
921 967 980 1001 ad-

229 1016 354 1050 iicimus
376 1015 538 1061 apostolici
570 1015 755 1049 muniminis
788 1016 979 1060 firmitatem,

229 1071 263 1098 ut
303 1064 484 1099 intemerata
524 1065 720 1106 consistant,
754 1077 833 1111 quae
872 1073 979 1100 nostro

228 1113 344 1147 fuerint
371 1113 527 1159 praesidio
553 1114 756 1148 communita.
785 1114 868 1148 Sane
902 1126 980 1148 con-

74 1172 96 1193 in
122 1163 346 1208 quoiiieigregati
369 1174 470 1208 nuper
489 1163 518 1196 in
541 1170 644 1196 vestro
666 1163 803 1217 generali
841 1163 979 1217 capitulo

35 1205 216 1262 {ffissfssffimssssss’
229 1211 453 1246 deliberatione
476 1211 604 1258 provida
626 1211 787 1252 statuistis,
812 1220 844 1246 ut
865 1213 904 1246 de
919 1225 981 1246 sin-

35 1263 141 1286 terendum
156 1265 216 1292 imo-
229 1260 311 1306 gulis
336 1260 414 1295 locis
434 1260 573 1295 eiusdem
591 1259 710 1294 oidinis
727 1273 809 1295 unus
825 1260 980 1295 discretus

35 1296 63 1317 ‘¹⁵
77 1300 176 1317 ‘mm'
229 1308 323 1344 frater
343 1309 463 1344 electus
484 1308 616 1355 singulis
643 1310 734 1343 annis
756 1321 772 1344 a
794 1321 856 1344 suo
883 1310 980 1345 colle-

229 1358 281 1404 gio
306 1358 353 1393 vel
381 1366 537 1393 conventu
559 1370 631 1393 cum
655 1358 758 1405 priore
780 1360 978 1394 conventuali

228 1407 266 1441 ad
299 1407 444 1453 generale
490 1419 545 1442 seu
583 1407 771 1453 provinciale
807 1408 978 1454 capitulum

229 1456 331 1497 vadat,
358 1468 508 1491 excessus
531 1457 629 1502 ipsius
652 1456 765 1502 prioris
788 1468 844 1503 per
875 1457 980 1492 visita-

229 1513 342 1546 torem,
364 1505 541 1540 secundum
563 1512 677 1540 statuta
706 1505 827 1540 ordinis
860 1513 890 1539 et
930 1518 979 1541 re-

227 1554 334 1600 gulam
361 1556 431 1589 non'
447 1561 604 1589 correctos
625 1553 683 1588 sub
709 1554 814 1600 sigillo
837 1554 978 1589 eiusdem

227 1611 401 1638 conventus
423 1603 469 1638 vel
491 1603 613 1649 collegii
650 1615 758 1637 secum
799 1612 938 1658 portanS,
963 1616 978 1638 a

228 1652 397 1698 praedictis
419 1652 546 1687 tandein
575 1651 798 1687 diffinitoiibus
824 1653 978 1698 corrigeu

44 1707 236 1757 bettefiuitorurp
229 1701 297 1736 dos.
325 1700 360 1736 In
399 1701 552 1748 eligendis
590 1713 718 1748 quoque
756 1700 980 1736 diffinitoribus

11 1738 199 1790 -ξιςῗξιωῃειο
229 1750 327 1796 ipsius
349 1750 469 1786 ordinis
495 1750 596 1785 taliter
634 1749 825 1797 providistis,
867 1759 899 1785 ut
940 1751 979 1785 de

229 1799 363 1846 singulis
401 1799 612 1834 visitatoribus
651 1799 725 1833 dicti
759 1799 880 1834 oidinis
916 1799 980 1834 duo

229 1848 356 1883 discreti
378 1847 487 1883 fratres
513 1848 611 1894 ipsius
640 1847 759 1882 ordinis
796 1848 827 1881 in
864 1848 980 1883 diffini-

230 1904 313 1932 tores
333 1896 528 1935 huiusmodi‚
552 1908 632 1931 unus
652 1895 691 1930 de
706 1896 842 1930 subditis
862 1897 900 1931 ad
930 1909 981 1943 ge-

231 1946 335 1981 nerale
358 1945 531 1992 capitulum
553 1957 569 1980 a
596 1945 806 1979 conventibus
835 1945 980 1981 destina-

184 1999 186 2001 ’
231 2004 293 2039 tus,
320 1995 398 2030 alter
415 2006 489 2029 vero
511 1995 549 2028 de
576 1993 735 2040 prioribus
760 1994 905 2040 eligatur,
941 1996 979 2030 ita

230 2044 314 2098 quod
339 2051 515 2078 assumatur
535 2042 679 2077 subditus
713 2055 728 2077 a
764 2043 912 2098 subditis,
950 2053 978 2078 et

232 2105 315 2140 prior
336 2105 351 2127 a
374 2092 532 2139 prioribus
554 2092 803 2139 uniuscuiusque
835 2092 981 2127 visitatio-

231 2142 281 2177 nis
303 2141 479 2188 praedictae
499 2140 607 2175 Sancti
632 2140 769 2188 Spiritus
794 2142 891 2187 gratia
932 2142 980 2176 in-

231 2199 350 2231 vocata,
378 2190 462 2236 quod
490 2190 535 2224 sic
569 2190 722 2236 assumpti
758 2191 979 2237 postmodum,

232 2249 294 2275 tam
316 2240 346 2274 in
359 2239 471 2286 capite,
489 2251 582 2285 quam
599 2239 629 2273 in
647 2239 795 2274 membris
814 2239 980 2280 diffiniant,

231 2289 389 2335 corrigant
409 2296 441 2323 et
468 2288 638 2322 reforment
664 2296 768 2334 prout,
804 2289 979 2323 secundum

231 2338 335 2373 Deum
364 2345 394 2373 et
424 2337 504 2372 beati
526 2337 697 2383 Augustini
721 2337 873 2383 regulam,
894 2338 980 2372 vide-

0 2409 1 2414 =
51 2389 199 2414 ”effluerem—
233 2387 295 2422 rint
325 2387 482 2434 expedire.
510 2385 674 2420 Praeterea
709 2386 864 2431 generalis
897 2388 982 2434 prior

232 2435 374 2472 eiusdem
397 2435 516 2470 ordinis
535 2442 678 2470 teneatur
704 2435 743 2469 de
769 2435 907 2482 qualibet
942 2437 982 2470 vi-

231 2485 376 2525 sitatione
399 2489 479 2525 duos
500 2489 651 2524 discretos
673 2487 783 2522 fratres
808 2489 910 2536 ipsius
930 2502 982 2524 or-

232 2543 316 2577 dinis
341 2543 468 2589 eligere,
491 2555 589 2577 unum
617 2541 656 2575 de
674 2541 821 2584 subditis,
853 2550 883 2577 et
905 2543 983 2577 alte-

233 2607 302 2630 rum
331 2597 370 2630 de
392 2596 550 2643 praelatis,
573 2595 627 2641 qui
648 2594 855 2630 visitationem
879 2608 982 2637 suam,

233 2648 294 2684 hoc
315 2656 363 2683 est
394 2649 598 2696 provinciam,
633 2647 679 2682 vel
717 2655 889 2683 contratam
928 2661 984 2696 per

313 2705 388 2735 Ball.
412 2704 488 2735 Rom.
515 2704 570 2734 Vol.
588 2704 638 2735 ΙΙΙ,
804 2703 839 2734 78

68 924 183 946 sternitum.

836 298 1030 321 AiAExAsuttn
1059 298 1091 319 lV
1115 297 1163 320 1¹1³.

1649 285 1716 317 1)Ιῖ

1021 352 1126 398 viginti
1156 351 1223 386 dies
1245 359 1411 398 antequam
1431 351 1574 398 generale
1595 350 1766 398 capitulum

1021 401 1065 436 vel
1078 399 1265 448 provinciale
1281 400 1572 455 siiscipiatsollicite
1583 400 1769 456 perlustran-

1021 458 1078 493 tes,
1090 461 1237 484 excessus
1261 449 1467 492 visitatorum,
1489 448 1722 497 siquifuerint,
1738 450 1767 484 in

1020 499 1144 546 scriptis
1154 498 1285 533 fideliter
1297 498 1449 543 redigant,
1465 506 1495 533 et
1509 510 1564 534 eos
1578 499 1676 545 ipsius
1691 511 1769 534 con-

1021 556 1132 583 ventus
1153 547 1245 594 sigilli
1274 548 1446 582 munimine
1467 548 1604 594 signent,
1624 548 1654 582 in
1682 559 1767 595 quo,

1021 597 1067 632 vel
1094 597 1187 632 cuius
1208 597 1348 631 districtu
1378 597 1552 631 visitatores
1587 597 1767 632 huiusmodi

1020 646 1219 693 deliquerint,
1253 646 1432 693 puniendos
1470 645 1599 680 demum
1634 647 1664 681 in
1700 646 1767 692 ipso

1020 694 1157 743 capitulo
1183 707 1198 730 a
1221 694 1389 742 praedictis
1411 694 1633 730 diffinitoribus
1653 707 1767 730 sccun-

1019 744 1095 779 dum
1118 743 1261 779 eiusdem
1289 744 1408 778 ordinis
1441 752 1470 778 et
1504 745 1629 790 regulae
1677 744 1767 778 insti-

1021 802 1095 828 tuta.
1115 793 1149 828 Si
1164 805 1234 828 vero
1250 793 1344 840 aliqui
1367 793 1477 827 fratres
1503 793 1648 828 eiusdem
1679 792 1767 828 ordi—

1021 844 1068 877 nis
1089 850 1197 878 contra
1233 854 1369 889 priorem
1405 854 1525 882 suum,
1565 841 1613 877 vel
1648 841 1769 877 ordinis

1020 891 1283 938 conspirationem
1319 891 1366 925 vel
1404 890 1677 931 coniurationem,
1714 903 1767 925 seu

1019 948 1207 976 conventum
1245 939 1481 986 malignantium
1525 938 1679 983 fecerint,
1719 946 1772 974 aut

1021 989 1216 1028 retinuerint,
1231 989 1299 1023 sine
1320 989 1493 1035 superioris
1528 989 1662 1029 licentia,
1697 1000 1772 1035 pro-

1022 1039 1140 1085 priuin,
1166 1046 1196 1072 et
1218 1050 1232 1071 a
1267 1038 1489 1078 visitatoribus,
1528 1038 1575 1072 vel
1612 1050 1628 1072 a
1669 1037 1771 1083 priore

1019 1087 1157 1133 generali
1195 1098 1250 1121 seu
1278 1087 1475 1121 conventuali
1513 1086 1678 1133 diligenter
1713 1085 1772 1120 ad-

1021 1136 1129 1171 moniti
1153 1135 1313 1170 restituere
1349 1135 1423 1169 illud
1453 1136 1610 1170 noluerint
1651 1135 1681 1169 in
1710 1147 1773 1169 ma-

1022 1184 1115 1220 nibus
1156 1184 1410 1231 praedictorum,
1445 1184 1484 1219 ab
1519 1184 1631 1219 ordine
1674 1183 1743 1231 ipso
1764 1210 1771 1224 ‚

1020 1243 1050 1269 et
1075 1233 1202 1268 fratrum
1228 1234 1386 1268 consortio
1413 1233 1619 1279 expellantur.
1658 1232 1716 1277 Et,
1740 1240 1772 1266 ut

1022 1283 1131 1318 fortius
1152 1295 1167 1317 a
1192 1283 1301 1317 vestris
1328 1282 1474 1317 fratribus
1499 1282 1669 1318 cuiuslibet
1691 1291 1773 1317 tem·
1799 1290 1907 1317 Prorrium
1927 1295 1968 1310 ποτ’

1022 1331 1139 1379 poralis
1171 1331 1213 1366 rei
1250 1330 1411 1366 abdicetur
1454 1332 1650 1378 proprietas,
1748 1331 1753 1337 ’
1787 1320 1903 1343 ¹¹⁸b⁰⁰⁶⁰m

1783 297 1831 324 An.
1845 296 1872 322 C.
1895 297 1960 323 123¹)

1795 803 1880 825 Poenae
1891 805 1947 822 coiit.
1957 808 1966 821 i

1788 838 1931 859 transgressor
1942 838 1957 853 -ε

1809 867 1941 885 statutorum.

1687 1331 1773 1366 ordi-

1021 1380 1129 1421 nastis,
1154 1389 1187 1415 ut
1214 1392 1272 1415 nec
1294 1380 1389 1426 prior
1420 1392 1477 1415 nec
1508 1382 1618 1416 fratres
1652 1380 1683 1414 in
1718 1391 1773 1426 ge-

1021 1430 1118 1465 nerali
1141 1429 1187 1464 vel
1220 1429 1402 1475 provinciali
1440 1429 1575 1475 capitulo
1612 1429 1773 1464 constituti

1021 1479 1140 1526 possint
1180 1478 1271 1513 alicui
1307 1477 1436 1513 fratiuin
1468 1478 1610 1513 ciusdem
1654 1477 1774 1512 ordinis

1020 1527 1194 1563 concedere
1237 1528 1399 1573 proprium
1439 1527 1589 1574 aliquod,
1623 1539 1695 1562 cum
1734 1528 1773 1560 sit

1020 1585 1128 1611 contra
1169 1576 1373 1611 substantiam
1413 1576 1557 1616 ordinis,
1605 1577 1651 1611 vel
1692 1588 1774 1611 usu—

1022 1626 1159 1661 fructum
1198 1626 1428 1672 cuiuscumque
1472 1626 1515 1659 rei
1556 1625 1683 1660 mobilis
1724 1624 1772 1658 vel

1022 1675 1192 1710 immobilis
1218 1687 1255 1709 ex
1279 1682 1477 1718 testamento,
1499 1686 1553 1709 sen
1593 1674 1655 1709 alio
1693 1685 1775 1721 quo*-

1021 1736 1158 1772 cumque
1180 1724 1271 1758 titulo
1298 1724 1359 1758 sibi
1377 1723 1555 1758 dimissum:
1584 1723 1662 1758 facta
1701 1734 1774 1756 vero

1021 1783 1129 1807 contra
1158 1773 1217 1807 hoc
1251 1784 1346 1819 super
1384 1773 1432 1814 iis,
1467 1773 1512 1807 vol
1545 1772 1651 1819 aliquo
1688 1783 1776 1818 prae-

1021 1823 1191 1856 missorum
1227 1822 1390 1856 concessio
1426 1821 1577 1856 habeatur
1624 1821 1708 1855 irrita
1743 1829 1771 1853 ct

1022 1871 1134 1905 inanis.
1162 1869 1235 1904 Fuit
1261 1871 1354 1904 etiam
1379 1870 1420 1904 ibi
1442 1870 1590 1905 concordi
1618 1869 1773 1905 delibera·
1789 1876 1970 1898 venusam-m»

1022 1920 1107 1954 tione
1130 1920 1303 1966 provisum,
1326 1928 1361 1954 ut
1382 1931 1492 1954 omncs
1516 1920 1635 1966 priores
1650 1927 1680 1953 et
1701 1917 1774 1954 sub-

1021 1968 1089 2008 diti,
1112 1969 1164 2015 qui
1200 1968 1405 2003 convenerint
1440 1969 1470 2002 in
1510 1968 1692 2015 provinciali
1725 1966 1772 2001 vel

1021 2018 1158 2063 generali
1186 2017 1336 2063 capitulo,
1366 2017 1457 2051 vitam
1479 2017 1596 2052 ducant
1630 2029 1773 2052 commu-

1022 2078 1092 2100 nem
1117 2066 1147 2100 in
1170 2067 1334 2110 omnibus,
1356 2066 1547 2113 specialitate
1573 2066 1612 2101 ab
1635 2067 1679 2101 eis
1694 2093 1703 2110 ,
1727 2068 1771 2101 vel

1022 2115 1177 2150 divisione
1220 2115 1360 2161 qualibet
1401 2125 1560 2156 resecata;
1598 2116 1770 2149 visitatoreC

1023 2165 1147 2210 quidem
1169 2164 1296 2210 praefati
1320 2165 1440 2199 ordiniS
1461 2165 1542 2198 circa
1566 2165 1769 2199 commissum

1021 2213 1079 2247 sibi
1111 2212 1248 2247 officium
1282 2213 1424 2253 solliciti,
1451 2213 1627 2247 secundum
1668 2213 1770 2248 datam

1022 2262 1068 2296 eis
1106 2274 1121 2295 a
1146 2262 1211 2296 Deo
1238 2262 1380 2307 gratiam,
1411 2263 1593 2305 existentes,
1620 2271 1769 2308 quaerant

1022 2310 1184 2345 dumtaxat
1219 2322 1299 2356 quac
1326 2310 1394 2345 lesu
1421 2310 1537 2345 Christi
1581 2319 1664 2348 sunt,
1709 2323 1769 2346 non

1022 2372 1101 2406 quae.
1120 2371 1186 2393 sua:
1215 2359 1686 2405 praedicationi,exhortationi,
1708 2372 1762 2395 cor

1024 2409 1152 2443 rectioni
1180 2416 1210 2441 et
1233 2408 1448 2442 reformationi
1470 2408 1620 2447 vacando,
1644 2418 1678 2442 ut
1706 2409 1772 2443 fru-

1023 2465 1108 2492 ctum
1132 2456 1277 2499 referant,
1304 2458 1358 2503 qui
1386 2469 1448 2491 non
1482 2458 1570 2503 perit.
1607 2456 1669 2499 Qui
1699 2470 1771 2493 vero

1023 2507 1215 2541 contrarium
1243 2507 1376 2552 egerint,
1398 2507 1466 2540 sine
1493 2505 1650 2541 voluntate
1675 2508 1772 2543 totius

1023 2555 1148 2602 capituli
1185 2554 1230 2589 vel
1253 2555 1385 2589 sanioris
1414 2555 1507 2601 partis
1531 2556 1642 2602 ipsius,
1660 2568 1676 2591 a
1698 2559 1772 2603 qui—

1024 2603 1159 2639 buslibet
1183 2603 1254 2647 loci,
1277 2616 1330 2639 scu
1366 2604 1523 2650 prioribus
1556 2613 1609 2639 aut
1639 2605 1772 2640 subditis

1023 2653 1164 2688 eiusdem
1184 2652 1303 2688 ordinis
1315 2653 1430 2699 aliquid
1442 2661 1674 2701 extorquentes,
1687 2658 1773 2702 quod

1800 2121 1828 2141 Dr:
1853 2121 1958 2142 visitatori

1787 2152 1830 2172 liu!>
