2129 3223
94 259 141 284 An.
162 259 191 285 C.
212 259 275 285 ¹251

107 314 280 336 Connrmnoria·

95 351 158 372 snper
168 346 208 366 hoc
220 347 280 366 eiu·-

95 378 141 396 ¹lem
167 376 279 397 Alexandri

95 408 187 428 litterae.

111 1150 168 1174 cuae
218 1149 281 1169 luerit

99 1180 221 1200 eoncordia.

343 249 413 280 454

295 311 344 346 Ad
366 310 518 344 maiorem
541 320 614 342 vero
637 308 813 343 canthelam
837 315 975 342 tenorem
999 306 1046 340 lit-

295 368 431 395 terarum
464 358 602 405 ipsarum
642 356 862 403 praesentibus
895 355 1044 390 duximus

294 407 512 447 inserendum,
535 407 589 453 qui
604 405 673 440 talis
694 414 757 441 est:
782 405 960 440 Alexander
975 405 1045 450 epi-

294 469 409 504 scopus
425 468 534 491 servus
555 467 718 490 servorum
739 455 810 490 Dei.
835 455 957 490 Dilecto
980 454 1044 488 h'lio

294 506 388 542 Petro
406 504 694 552 archipresbytero,
721 512 752 540 et
778 504 901 539 clericis
935 503 1042 538 Sancti

294 555 468 596 Eustachii,
491 554 624 589 salutem
652 562 682 588 et
708 553 913 600 apostolicam
939 553 1044 587 bene-

293 604 476 640 dictionem.
499 602 582 638 Cum
606 603 686 638 inter
702 603 879 638 Ecclesiam
909 610 1043 636 vestram

294 661 324 689 et
345 653 521 689 Ecclesiam
548 652 655 688 Sancti
669 652 831 687 Laurentii
855 652 885 685 in
908 651 1044 686 Damaso

294 703 333 738 de
362 703 544 738 investitura
558 701 769 745 sacerdotum,
790 700 955 743 scrutinio,
971 700 1046 746 bap-

295 753 438 792 tismate,
476 758 507 786 et
544 750 681 798 capitulo
717 758 852 797 quatuor
879 749 1043 796 cappella-

295 814 378 845 rum,
398 800 506 836 Sancti
526 799 729 835 pantaleonis
755 799 910 837 videlicet,
935 798 1043 833 Sancti

293 850 482 891 Sebastiani,
509 849 617 884 Sancti
645 848 823 888 Benedicti,
864 856 894 882 et
936 847 1042 882 Sancti

294 899 454 941 Silvestri,
476 898 687 934 controversia
709 899 749 932 sit
776 896 956 944 aliquandiu
979 897 1046 942 agi-

295 957 367 990 tata,
394 948 521 984 tandem
544 948 626 982 inter
649 959 715 990 vos,
737 955 767 981 et
789 946 920 982 clericos
939 946 1045 980 Sancti

294 998 454 1033 Laurentii
477 998 506 1032 in
528 997 666 1032 Damaso
687 996 726 1031 de
748 1002 923 1031 consensu·
940 1004 970 1030 et
989 1008 1047 1030 au-

295 1048 440 1082 ctoritate
470 1046 657 1082 dilectorum
697 1045 834 1080 filiorum
866 1052 1046 1080 nostrorum

295 1096 380 1131 Petri
424 1095 507 1131 tituli
545 1094 690 1130 eiusdem
737 1093 899 1129 Ecclesiae
938 1093 1046 1129 Sancti

295 1145 458 1180 Laurentii
485 1144 674 1192 presbyteri,
696 1151 727 1178 et
741 1143 868 1189 Ugolini
885 1143 1048 1178 Ecclesiae

296 1202 417 1230 vestrae
432 1194 555 1229 diaconi
578 1192 785 1228 cardinalium
801 1204 896 1239 super
909 1192 958 1227 his
973 1193 1049 1226 ami-

297 1243 440 1279 cabiliter
463 1242 652 1290 compositio
675 1242 864 1282 intercessit,
886 1254 980 1288 quam
1017 1249 1047 1275 ut

298 1292 412 1328 futuris
449 1292 644 1339 temporibus
683 1290 901 1326 inviolabiliter
940 1290 1049 1326 obser-

298 1350 398 1382 vetur,
421 1341 642 1389 praesentibus
667 1340 780 1375 litteris
808 1340 960 1374 duximus
985 1352 1048 1374 an-

298 1391 478 1426 notandam.
502 1390 586 1425 Sane
623 1389 801 1424 sacerdotes
840 1388 1049 1436 praescripta-

299 1452 367 1474 rum
408 1439 621 1487 cappellarum
643 1438 680 1473 ad
711 1438 886 1473 Ecclesiam
916 1446 1048 1472 vestram

299 1489 525 1536 pertinentium
552 1487 752 1531 scrutinium,
775 1488 948 1522 solemnem
964 1487 1049 1534 Bap-

300 1539 447 1583 tismum,
481 1537 534 1585 qui
577 1537 610 1571 fit
644 1537 674 1571 in
716 1536 877 1571 Sabbatlio
908 1536 1048 1577 Sancto,

299 1586 470 1635 capitulum
492 1588 524 1621 in
547 1586 654 1620 maiori
682 1585 880 1620 hebdomada
896 1613 903 1626 ,
926 1594 957 1620 et
987 1586 1050 1620 duo

300 1636 357 1671 alia
383 1636 532 1684 capitula,
553 1634 593 1670 ad
611 1646 692 1682 quae
713 1635 793 1669 infra
808 1647 926 1669 annum
949 1635 1049 1669 vocati

301 1685 427 1727 fuerint,
448 1685 549 1720 eidem
577 1684 739 1719 Ecclesiae
760 1683 866 1726 Sancti
889 1684 1051 1718 Laurentii

300 1735 367 1770 sine
389 1733 638 1769 contradictione
659 1733 863 1768 exhibebunt.
897 1733 941 1767 Ita
977 1733 1052 1780 qui-

300 1783 370 1819 dem
391 1783 476 1831 quod
497 1782 625 1829 singuli,
647 1783 701 1830 qui
725 1782 758 1817 in
789 1782 892 1829 aliqua
932 1782 1053 1829 praedi-

300 1841 419 1868 ctarum
447 1832 659 1879 cappellarum
684 1843 741 1879 pro
767 1839 910 1879 tempore
936 1831 1052 1866 fuerint

301 1882 448 1922 ordinati,
468 1882 549 1917 haec
575 1881 738 1916 dumtaxat
763 1881 923 1916 Ecclesiae
943 1881 1052 1916 Sancti

301 1931 476 1972 Laurentii,
489 1932 571 1966 sicut
582 1931 732 1974 diximus,
744 1930 948 1965 exhibebunt.
964 1930 1053 1965 Cris-

303 1993 352 2016 ma
374 1992 447 2016 vero
469 1988 500 2016 et
525 1980 639 2015 Oleum
669 1979 821 2015 Sanctum
854 1979 1052 2025 supradictae

302 2029 463 2077 cappellae
499 2029 539 2064 ab
567 2028 712 2064 Ecclesia
749 2028 856 2064 Sancti
890 2028 1052 2064 Laurentii

304 2088 422 2115 tantum
446 2079 600 2126 recipient
614 2078 640 2113 si
651 2078 746 2124 gratis
767 2086 798 2113 et
829 2078 948 2125 absque
967 2078 1052 2112 omni

305 2128 453 2175 pravitate
491 2128 565 2163 dare
605 2127 748 2162 voluerit.
788 2127 821 2162 Si
852 2129 926 2174 quis
946 2136 1052 2162 autem

305 2177 534 2225 praedictorum
563 2177 817 2224 presbyterorum
835 2177 924 2217 haec,
948 2186 981 2211 nt
996 2184 1055 2210 sta—

305 2234 406 2274 tutum
426 2235 484 2269 est,
511 2235 541 2262 et
563 2226 746 2261 nominatim
769 2238 966 2273 expressum,
992 2225 1055 2260 Ec—
1073 2243 1077 2283 ι

305 2276 419 2311 clesiae
445 2275 553 2311 Sancti
586 2275 749 2310 Laurentii
788 2276 922 2310 noluerit
965 2276 1078 2351 exhi-¹

307 2325 392 2366 bere,
414 2325 518 2360 clerici
540 2324 648 2360 Sancti
682 2324 842 2359 Laurentii
883 2324 1055 2359 denuncia-
1073 2354 1078 2369 ¹

307 2374 385 2408 bunt
406 2374 504 2414 vobis,
527 2382 560 2408 ut
582 2386 654 2408 eum
671 2386 752 2420 quae
766 2374 847 2409 dicta
863 2383 935 2408 suut
950 2374 1054 2409 eidem

307 2422 466 2458 Ecclesiae
487 2423 594 2458 Sancti
616 2422 776 2457 Laurentii
803 2423 951 2458 exhibere
967 2435 1055 2458 com-

310 2472 442 2518 pellatis,
463 2472 533 2507 etsi
555 2480 752 2519 contemptor
773 2474 920 2513 extiterit,
942 2480 972 2507 et
998 2473 1057 2506 tri-

310 2521 370 2554 bus
393 2520 513 2556 vicibus
528 2529 656 2556 vocatus
671 2534 731 2556 non
748 2521 944 2566 satisfecerit,
956 2522 1056 2568 spatio

312 2570 418 2614 uiginti
458 2570 580 2605 dierum
622 2570 741 2617 elapso,
779 2570 921 2605 Ecclesia
948 2571 1055 2605 Sancti

311 2616 470 2652 Laurentii
494 2620 595 2665 ipsum
624 2619 844 2664 interdicendi,
871 2628 900 2655 et
923 2628 1059 2667 postmo—

879 253 1067 276 nouarum!

1076 2626 1082 2665 i

1089 250 1250 275 ROMANCM

1086 305 1160 340 dnm
1189 305 1484 341 excommunicandi
1505 305 1636 339 liberam
1658 303 1770 338 habeat
1785 315 1838 350 po—

1087 363 1240 389 testatem.
1257 355 1292 389 ln
1315 355 1375 389 hoc
1395 354 1552 402 siquidem
1576 353 1716 388 Ecclesia
1737 360 1835 391 vestra

1085 404 1153 439 sine
1175 404 1284 439 fraude
1300 403 1417 438 iuvabit
1440 404 1612 438 Ecclesiam
1635 402 1743 437 Sancti
1757 401 1843 436 Lau->

1087 454 1188 488 rentii.
1214 454 1252 488 Et
1281 453 1305 488 si
1335 453 1471 500 populus
1499 452 1665 487 interdicto
1702 451 1749 486 vel
1781 463 1836 486 ex-

1086 504 1320 538 communicato
1348 502 1483 537 favorem
1513 509 1672 548 praestare
1691 501 1836 535 voluerit.

1087 552 1228 586 Ecclesia
1258 552 1363 587 Sancti
1392 551 1551 586 Laurentii
1574 550 1642 585 sine
1663 550 1773 585 fraude
1791 550 1838 584 in-

1086 601 1168 636 vabit
1191 601 1365 636 Ecclesiam
1390 609 1535 640 vestram,
1575 599 1622 634 vel
1653 599 1690 634 ad
1733 611 1836 634 remo-

1086 650 1222 685 vendum
1250 658 1470 686 contumacem
1498 649 1537 684 ab
1556 648 1714 692 Ecclesia,
1738 649 1784 683 vel
1797 648 1836 683 ad

1086 700 1266 746 cogendum
1283 700 1385 746 ipsum
1409 699 1448 733 ad
1470 698 1729 741 satisfactionem,
1743 705 1837 744 prout

1087 749 1228 784 Ecclesia
1252 757 1352 784 vestra
1375 748 1523 794 elegerit:
1554 747 1696 782 Ecclesia
1732 754 1837 781 autem

1086 798 1193 833 Sancti
1216 798 1379 833 Laurentii
1407 797 1485 832 nihil
1508 796 1588 832 ultra
1611 796 1643 831 in
1666 797 1838 843 praenomi-

1087 848 1168 882 natis
1191 847 1356 895 cappellis,
1383 860 1438 882 seu
1461 859 1476 881 a
1503 845 1698 893 cappellanis
1730 857 1837 880 earum

1087 897 1125 931 de
1147 905 1271 932 caetero
1294 896 1475 944 postulabit,
1507 896 1552 930 vel
1585 895 1646 930 sibi
1681 895 1838 930 vindicare

1089 954 1280 993 praesumet,
1303 959 1360 993 per
1386 945 1471 993 quod
1507 945 1567 989 ius,
1601 952 1630 979 et
1665 952 1839 979 consuetu-

1088 996 1178 1030 dines
1204 996 1367 1031 Ecclesiae
1388 1003 1520 1035 vestrae,
1542 1007 1621 1041 quas
1654 994 1685 1028 in
1720 993 1838 1029 eisdem

1089 1046 1239 1093 cappellis
1273 1045 1390 1085 habet,
1429 1045 1459 1078 in
1498 1044 1602 1090 aliquo
1644 1043 1838 1078 minuantur.

1089 1095 1256 1130 Praeterea
1278 1094 1428 1141 praedicti
1455 1092 1631 1140 cappellani
1663 1104 1721 1135 ea,
1759 1104 1840 1140 quae

1089 1145 1120 1178 in
1148 1144 1226 1190 ipsis
1248 1143 1394 1190 capitulis
1419 1143 1456 1176 ad
1492 1143 1645 1177 honorem
1679 1141 1841 1176 Ecclesiae

1089 1193 1195 1228 Sancti
1226 1193 1387 1228 Laurentii
1431 1191 1658 1231 tractabuntur,
1693 1190 1842 1226 observa-

1090 1243 1190 1277 bunt:
1214 1242 1255 1277 ita
1276 1250 1380 1277 tamen
1409 1241 1494 1288 quod
1521 1241 1547 1275 si
1574 1240 1651 1288 quid
1678 1239 1771 1275 fuerit
1809 1241 1840 1275 in

1090 1292 1168 1338 ipsis
1189 1291 1335 1338 capitulis
1361 1290 1398 1325 ad
1427 1289 1670 1325 diminutionem
1698 1289 1775 1324 iuris
1811 1298 1842 1325 et

1090 1340 1358 1376 consuetudinum
1381 1340 1545 1374 Ecclesiae
1568 1346 1687 1374 vestrae
1703 1338 1749 1373 vel
1766 1350 1842 1386 cap-

1091 1390 1244 1437 pellarum
1275 1390 1414 1438 ipsarum
1452 1397 1638 1432 tractatum,
1676 1388 1843 1424 observare

1092 1439 1178 1474 nullo
1203 1439 1296 1474 modo
1315 1447 1476 1486 cogantur.
1506 1438 1731 1473 Verumtamen
1758 1438 1841 1473 nulla

1090 1488 1275 1523 earumdem
1298 1488 1511 1535 cappellarum
1547 1487 1763 1531 interdictum,
1795 1489 1841 1522 vel

1091 1538 1400 1572 excommunicatum
1420 1537 1459 1571 ab
1480 1536 1620 1571 Ecclesia
1636 1536 1743 1571 Sancti
1758 1536 1842 1572 Lan-

1091 1587 1182 1622 rentii
1217 1587 1360 1633 recipiet,
1389 1587 1451 1621 imo
1483 1598 1538 1632 pro
1566 1586 1842 1621 excommunicato

1091 1644 1121 1670 et
1143 1636 1308 1671 interdicto
1336 1637 1438 1682 ipsum
1463 1634 1752 1670 tenebitsomnem
1783 1648 1841 1670 au-

1093 1693 1155 1720 tem
1178 1685 1408 1720 ordinationem
1431 1693 1461 1719 et
1482 1685 1720 1731 dispositionem
1745 1696 1842 1732 super

1093 1734 1249 1769 iamdictis
1300 1733 1452 1780 cappellis
1494 1733 1590 1768 libere
1637 1746 1673 1769 ac
1713 1734 1842 1781 pacifice

1092 1783 1211 1830 absque
1240 1783 1373 1818 alicuius
1411 1783 1660 1818 contradictione
1701 1784 1843 1819 Ecclesia

1095 1840 1192 1867 vestra
1217 1832 1255 1867 de
1289 1840 1413 1867 caetero
1447 1832 1584 1876 babeat,
1615 1832 1701 1868 salvo
1736 1841 1844 1868 tenore

1094 1882 1323 1917 conventionis.
1363 1882 1495 1928 lnsuper
1534 1883 1626 1917 etiam
1667 1895 1722 1930 pro
1760 1883 1844 1918 bono

1094 1931 1180 1978 pacis
1215 1932 1416 1966 interdictum
1438 1937 1492 1966 aut
1529 1932 1843 1967 excommunicatum

1095 1982 1126 2014 in
1154 1993 1210 2015 sua
1233 1981 1451 2015 iurisdictione
1473 1992 1490 2015 a
1513 1981 1652 2028 capitulo
1686 1980 1844 2017 Ecclesiae

1094 2037 1213 2064 vestrae
1256 2030 1397 2064 Ecclesia
1437 2029 1544 2076 Sancti
1579 2030 1741 2065 Laurentii
1781 2044 1842 2066 non

1095 2080 1249 2125 recipiet;
1278 2081 1341 2113 imo
1363 2091 1436 2114 eum
1461 2092 1517 2126 pro
1540 2079 1705 2115 interdicto
1731 2087 1762 2115 et
1788 2092 1844 2115 ex-

1095 2128 1329 2163 communicato
1351 2129 1479 2163 tenebit.
1503 2128 1543 2163 Et
1565 2129 1625 2164 hoc
1647 2129 1730 2164 idem
1753 2129 1844 2164 faciet

1097 2177 1238 2212 Ecclesia
1260 2187 1360 2213 vestra
1388 2178 1427 2212 de
1445 2178 1613 2213 interdicto
1647 2186 1678 2213 et
1715 2190 1844 2213 excom-

1096 2228 1255 2262 municato
1281 2227 1321 2262 ab
1359 2227 1501 2262 Ecclesia
1532 2227 1640 2262 Sancti
1670 2227 1842 2263 Laurentii.

1096 2276 1141 2310 Ne
1169 2277 1261 2322 igitur
1282 2277 1504 2318 controversia,
1531 2289 1610 2324 quae
1647 2277 1842 2312 amicabilem

1097 2326 1190 2359 finem
1219 2328 1370 2372 suscepit,
1393 2325 1506 2361 iterum
1537 2326 1717 2366 suscitetur,
1752 2339 1844 2373 prae-

1096 2376 1245 2420 scriptam
1271 2376 1512 2410 conventionem
1536 2384 1630 2409 ratam
1667 2375 1843 2419 babemus,

1097 2431 1127 2457 et
1154 2425 1287 2465 tirmam,
1310 2437 1443 2471 eamque
1465 2424 1502 2459 ad
1525 2424 1707 2471 petitionem
1730 2425 1846 2459 utrius-

1097 2484 1158 2519 que
1180 2474 1287 2519 partis,
1313 2475 1497 2508 auctoritate
1518 2472 1689 2520 apostolica
1725 2474 1844 2508 confir-

1098 2530 1229 2562 mantes,
1246 2524 1417 2569 praesentis
1438 2523 1544 2570 scripti
1563 2524 1735 2570 patrocinio
1755 2535 1845 2558 com-

1099 2572 1270 2606 munimus.
1293 2572 1496 2612 Statuentes‚
1535 2581 1567 2606 ut
1604 2571 1680 2606 nulli
1715 2573 1845 2608 omnino

1100 2621 1263 2655 hominum
1299 2621 1391 2656 liceat
1425 2621 1505 2655 hanc
1540 2621 1684 2668 paginam
1721 2629 1846 2657 nostrae

1850 249 1897 276 An.
1914 249 1943 276 C.
1963 247 2027 274 ¹23¹

1922 384 1972 430 β
