2129 3223
31 242 84 271 An.
99 240 211 270 &1200

53 1615 190 1645 Batauosque

71 1647 168 1673 eligerint.

838 246 943 269 Araxa
949 246 1032 268 Nmzn
1057 247 1088 268 lV
1112 246 1159 268 ΓΡ,

225 297 449 338 concedendis,
468 298 560 333 etiam
577 298 601 332 si
617 298 739 333 dicatur
755 299 784 333 in
801 298 872 340 illis,
889 300 972 347 quod

225 347 270 380 eis
299 358 354 394 per
375 347 494 394 aliquas
521 347 649 387 litteras,
678 355 775 382 totum
811 347 850 383 de
878 348 974 384 verbo

224 395 261 430 ad
302 395 430 430 verbum
469 403 609 430 tenorem
652 408 714 431 non
756 398 972 437 continentes,

224 443 460 491 privilegiorum
478 444 523 479 vel
547 444 813 492 indulgentiarum
835 446 972 493 ipsarum

1642 237 1711 269 (573

993 301 997 335 ,¹
1017 299 1089 335 bere
1108 299 1309 335 decernimus
1335 300 1523 336 firmitatem.
1540 300 1762 336 Contradicto-

993 366 996 403 ·
1016 360 1065 384 res
1092 361 1147 396 per
1160 360 1325 384 censuram
1342 351 1599 394 ecclesiasticam,
1621 350 1762 398 appella-

994 397 1099 433 :tione
1125 399 1313 446 postposita,
1338 400 1585 447 compescendo,
1610 411 1672 434 non
1697 399 1761 435 ob-

994 451 995 501 }
1015 454 1117 482 stante
1132 448 1357 483 constitutione
1379 449 1417 484 de
1436 449 1559 484 duabus
1574 449 1668 483 dietis
1679 450 1759 484 edita

225 502 360 540 nequeat
392 492 548 539 derogari,
579 495 713 529 maxime
735 494 819 542 quod
848 495 889 529 illi
919 507 974 530 ex·
993 521 995 542 ἲ
1017 496 1048 530 in
1070 496 1205 532 concilio
1232 498 1382 543 generali.

223 541 464 586 communicari,
487 542 534 577 vel
558 542 698 590 ipsorum
722 551 821 578 terrae
839 545 973 591 supponi
993 574 995 596 t

224 602 286 626 non
315 591 435 638 possint
469 591 681 626 ecclesiastico
709 592 890 628 interdicto:
923 601 974 627 aut

225 738 438 784 negotiorum,
473 745 526 772 aut
551 738 589 772 ad
617 738 781 774 citationes
815 751 974 786 quorum-

225 785 317 825 libet,
361 786 425 821 sive
461 786 721 822 denunciationes
747 788 972 823 sententiarum

225 834 580 874 excommunicationis,
635 837 874 883 suspensionis,
926 836 971 871 vel

225 882 396 925 interdicti,
429 885 615 919 auctoritate
649 885 820 919 litterarum
848 893 974 931 aposto-

225 932 354 968 licarum
389 932 519 967 minime
557 933 625 980 cogi
666 934 804 980 possint,
843 934 901 968 nisi
935 934 973 968 de

225 981 365 1027 ipsorum
400 981 565 1016 ordinibus
591 989 621 1016 et
651 982 822 1029 privilegiis
849 982 895 1016 vel
922 983 974 1016 in—

225 1029 398 1076 dulgentiis
421 1031 467 1065 eis
488 1042 584 1077 super
610 1031 669 1065 hoc
690 1042 707 1065 a
735 1030 818 1065 Sede
844 1032 973 1076 Aposto-

223 1078 282 1114 lica
303 1079 473 1123 concessis,
495 1079 647 1115 habeatur
669 1080 698 1113 iu
721 1079 840 1114 eisdem
863 1080 974 1114 litteris

224 1129 345 1163 mentio
379 1127 540 1176 specialis;
582 1129 610 1163 in
651 1128 761 1163 eodem
801 1128 921 1168 officio,
944 1136 974 1163 et

223 1184 331 1212 contra
355 1176 564 1224 impedientes
582 1177 670 1218 illud,
697 1178 744 1212 vel
768 1177 798 1211 in
822 1190 859 1212 eo
874 1177 972 1217 vobis,

225 1226 311 1260 iuxta
337 1225 474 1261 officium
509 1234 540 1261 et
572 1238 665 1273 posse
698 1238 804 1270 suum,
835 1238 852 1261 a
881 1226 974 1261 vobis

225 1274 396 1322 requisitos
427 1275 573 1310 assistere
599 1287 661 1310 non
688 1282 846 1316 curantes,
878 1275 974 1310 libere

227 1324 311 1358 iuxta
346 1323 476 1358 formam
513 1323 598 1358 vobis
624 1336 681 1371 per
709 1324 825 1359 litteras
853 1332 974 1358 nostras

226 1373 383 1414 traditam,
411 1372 602 1419 procedatis:
626 1385 697 1407 cum
720 1385 758 1407 ex
780 1373 974 1413 huiusmodi,

227 1422 274 1457 vel
291 1421 359 1456 aliis
377 1421 549 1469 privilegiis
570 1429 600 1456 et
617 1421 836 1468 indulgentiis,
851 1421 972 1456 nullum

226 1470 316 1505 vobis
336 1470 367 1504 in
397 1478 500 1505 tantae
528 1470 652 1517 pietatis
681 1471 819 1517 negotio,
842 1471 995 1526 velimus

225 1519 423 1554 obstaculum
450 1519 604 1565 generari.

274 1567 324 1603 Ad
343 1568 431 1607 haec,
453 1568 477 1602 si
499 1580 595 1615 super
615 1567 665 1602 his
686 1579 766 1614 quae
787 1568 870 1602 circa
890 1567 972 1602 idem

226 1616 375 1661 fficium,
396 1616 539 1663 illudque
559 1617 770 1662 contingentia
792 1617 822 1650 in
851 1617 974 1663 scriptis
994 1621 995 1625 ’

226 1665 343 1702 fuerint
355 1665 535 1711 redigenda,
550 1666 753 1701 tabellionum
766 1666 973 1700 saecularium

225 1715 316 1762 copia
347 1715 426 1750 forte
454 1713 589 1749 defuerit
614 1723 802 1761 opportuna,
829 1715 974 1760 personis

227 1811 447 1848 tabellionatus
468 1811 606 1846 officium
630 1812 660 1845 in
680 1811 806 1845 saeculo
827 1811 975 1845 habuisse

227 1869 416 1901 noscuntur,
442 1859 607 1894 exercendi
641 1858 717 1893 illud
746 1860 777 1894 in
813 1859 873 1900 bis,
902 1871 972 1894 cum

227 1922 242 1945 a
273 1909 364 1945 vobis
399 1908 582 1943 necessitate
612 1907 793 1942 huiusmodi
821 1907 974 1943 suadente

226 1958 342 1994 fuerint
368 1957 520 2004 requisiti,
542 1956 722 1992 auctoritate
744 1965 849 1991 nostra
876 1956 974 1991 licen-

228 2007 302 2042 tiam
328 2005 519 2042 concedatis.
541 2005 631 2048 Quos
661 2004 699 2039 ad
727 2005 798 2045 hoe,
820 2006 974 2040 constitu—

227 2057 313 2092 tione
338 2055 488 2091 cauonica
511 2054 560 2090 vel
583 2054 717 2101 regulari
739 2055 893 2089 contraria
915 2066 974 2089 ne-

227 2117 385 2152 quaquam
411 2103 568 2147 obstante,
594 2115 632 2138 ex
657 2103 798 2138 districto
829 2105 973 2138 volumus

227 2154 377 2189 iussionis
400 2160 523 2187 nostrae
551 2158 716 2199 praecepto
743 2153 851 2186 teneri.
879 2151 971 2193 Quod

227 2205 252 2238 si
283 2214 342 2237 nec
369 2202 446 2236 tales
472 2200 589 2236 habere
616 2201 769 2247 poteritis,
791 2200 867 2235 alios
895 2203 974 2235 duos

227 2252 309 2287 viros
335 2251 466 2286 idoneos
486 2250 628 2293 clericos,
651 2249 697 2284 vel
721 2250 826 2293 laicos,
848 2252 973 2296 quoties

227 2300 304 2335 talis*
318 2298 495 2335 imminebit
516 2299 698 2341 necessitas,
719 2300 896 2333 assumatis:
920 2300 971 2345 qui

227 2348 322 2384 stmul
351 2349 482 2384 fideliter
508 2359 555 2388 ea,
577 2358 657 2394 quae
678 2347 791 2381 fuerint
821 2354 838 2381 a'
874 2347 972 2387 vobis,

227 2398 275 2432 vel
291 2409 395 2433 coram
419 2397 510 2432 nobis
523 2408 562 2431 ex
582 2395 739 2442 praedicto
755 2395 857 2431 officio
876 2408 973 2442 gene-

229 2446 284 2482 rali
298 2446 446 2493 gerenda,
463 2445 676 2485 conscribant,
690 2456 824 2492 quorum
846 2447 973 2490 scripta,

228 2505 380 2541 quantum
402 2496 441 2530 ad
469 2494 554 2530 huuc
583 2494 781 2543 necessitatis·
804 2493 972 2539 ,articulum

229 2544 381 2591 pertinet,
408 2556 443 2580 ac
468 2546 493 2578 si
521 2546 617 2578 unius
643 2550 799 2590 personae
829 2541 973 2589 publicae

307 2648 381 2678 Bull.
399 2648 476 2678 Rom.
499 2648 552 2677 l'ol.
573 2648 624 2677 111.
817 2647 854 2676 85

1064 543 1177 580 Datum
1199 546 1360 593 Anagniae
1383 547 1489 582 idibus
1510 547 1659 592 octobris,
1683 560 1762 595 pon-

994 606 995 626 t
1016 593 1149 630 tiflcatus
1171 596 1269 630 nostri
1297 608 1379 631 anno
1401 604 1500 631 sexto.

224 639 307 686 quod
331 639 562 687 praedictorum
592 640 638 676 vel
667 640 798 676 aliorum
821 630 995 690 quorum-l

224 688 301 723 libet
339 688 484 724 ordinum
531 689 656 731 fratres,
695 690 733 724 ad
773 691 995 726 executiones*

1044 654 1105 686 Dat.
1124 656 1170 686 die
1190 657 1227 686 15
1239 656 1367 687 octobris
1385 657 1470 694 1260,
1487 657 1588 697 pontif.
1604 667 1679 688 anno
1697 667 1732 688 vr.

1340 821 1433 857 LVII.

1015 895 1213 940 Inquisitores
1248 896 1413 931 haereticae
1441 899 1606 943 pravitatis
1645 900 1763 933 ordinis

1062 944 1197 988 fratrum
1238 946 1491 980 Praedicatorum
1528 948 1574 981 vel
1602 947 1763 982 Minorum

1062 1006 1123 1027 non
1156 1002 1293 1028 tenentur
1319 996 1438 1029 obedire
1460 997 1612 1040 praelatis
1637 1008 1763 1030 suorum

1063 1043 1207 1076 ordinum
1229 1045 1261 1077 in
1280 1046 1525 1078 concernentibus
1540 1045 1676 1090 officium
1697 1057 1764 1078 san-

1062 1099 1126 1126 ctae
1147 1093 1364 1137 inquisitionis.

1278 1169 1491 1200 SL'MMARIUM

1066 1229 1159 1259 Causa
1179 1230 1266 1260 dandi
1284 1231 1437 1270 privilegii.
1454 1248 1494 1254 —
1514 1231 1713 1271 Privilegium.

1014 1298 1164 1328 Alexander
1178 1301 1319 1337 opiscopus
1336 1308 1432 1330 servus
1451 1309 1592 1331 servorum
1608 1302 1664 1336 Dal.
1695 1303 1763 1333 dile-

1058 1349 1113 1377 ctis
1143 1349 1208 1378 filiis
1227 1349 1362 1379 universis
1387 1350 1526 1379 fratribus
1544 1351 1763 1382 Praedicator-um

1059 1397 1088 1425 et
1107 1397 1238 1428 minorum
1257 1400 1379 1428 ordinum
1389 1399 1600 1436 inquisitoribus
1608 1401 1764 1430 haereticae

1062 1448 1223 1485 pravitatis.
1241 1455 1288 1484 per
1307 1448 1430 1477 diversas
1449 1448 1547 1477 ltaliae
1565 1451 1687 1485 partesa
1701 1451 1764 1479 sede

1058 1497 1211 1533 apostolica
1229 1497 1380 1533 deputatis,
1401 1498 1429 1526 et
1460 1498 1488 1526 in
1520 1500 1663 1534 posterum
1681 1500 1765 1535 depu-

1059 1546 1160 1579 tandis.
1181 1546 1299 1574 salutem
1311 1547 1341 1575 ot
1351 1547 1529 1582 apostolicam
1539 1547 1763 1577 benedictionem.

1063 1616 1245 1652 Catholicae
1267 1616 1356 1651 Fidei
1379 1617 1553 1663 negotium,
1577 1619 1661 1665 quod
1689 1619 1764 1666 plu-
1789 1621 1879 1672 (ζειιᾳιεειΗ
1897 1624 1958 1644 «ana,

994 1665 1130 1712 ¹¹rimum
1157 1665 1273 1700 insidet
1307 1666 1393 1700 cordi
1422 1674 1547 1706 nostro,
1585 1669 1615 1701 in
1652 1659 1887 1702 vestrjsp¹¹'¹⁰‘¹¹·

994 1713 996 1761 ζ
1017 1715 1193 1762 prosperari
1216 1714 1373 1754 manibus,
1395 1727 1431 1750 ac
1457 1715 1496 1750 de
1523 1715 1607 1750 bono
1634 1717 1665 1751 in
1687 1729 1762 1752 me-

227 1763 424 1810 regularibus
468 1764 695 1809 cuiuscumque
734 1763 874 1801 ordinis,
920 1763 996 1809 qui÷

1016 1763 1076 1798 lius
1116 1763 1287 1811 procedere
1324 1765 1505 1811 cupientes,
1547 1777 1581 1800 ac
1623 1765 1762 1800 volentes

1016 1823 1109 1847 omne
1147 1812 1186 1846 ab
1227 1825 1265 1848 eo
1304 1813 1567 1860 impedimentum
1603 1826 1760 1862 omneque

1015 1860 1212 1896 obstaculum
1241 1862 1409 1897 removeri:
1438 1863 1649 1909 praesentium
1673 1865 1761 1898 vobis

994 1948 995 1952 Ἰ
1015 1911 1197 1944 auctoritate
1214 1910 1410 1955 mandamus,
1432 1920 1589 1957 quatenus
1603 1912 1634 1946 in
1648 1912 1760 1947 eodem

994 1958 1152 2004 jnegotio,
1185 1959 1224 1994 de
1257 1960 1365 1994 divino
1398 1969 1428 1994 et
1455 1961 1627 2007 apostolico
1657 1961 1761 1996 favore

993 2008 1136 2049 (confisi,
1169 2009 1252 2043 omni
1287 2009 1424 2043 humano
1458 2010 1570 2044 timore
1606 2010 1759 2057 deposito.v

994 2097 995 2101 Ἰ
1015 2065 1194 2092 constanter
1220 2069 1255 2092 ac
1274 2058 1428 2104 intrepide
1445 2058 1662 2104 procedentes,
1678 2059 1760 2094 circa

1015 2106 1228 2152 extirpandam
1258 2107 1444 2141 haereticam
1474 2108 1670 2153 pravitatem,
1697 2116 1759 2142 tam

1014 2154 1053 2188 de
1069 2155 1254 2189 Lombardia
1277 2163 1306 2190 et
1320 2155 1470 2198 Thuscia,
1492 2167 1584 2201 quam
1601 2157 1639 2190 de
1660 2157 1761 2190 omni-

1016 2203 1074 2237 bus
1092 2204 1159 2238 aliis
1180 2203 1284 2238 Italiae
1312 2204 1464 2250 partibus,
1486 2216 1556 2238 cum
1579 2205 1664 2239 omni
1683 2205 1760 2250 vigi-

1016 2252 1107 2286 lantia
1134 2253 1283 2298 omnique
1321 2249 1430 2287 studio'
1461 2252 1618 2287 laboretis.
1654 2253 1695 2287 Et
1732 2255 1758 2287 si

1015 2301 1117 2335 forsan
1162 2302 1309 2346 magister
1345 2311 1375 2336 et
1414 2301 1555 2335 minister
1593 2302 1758 2348 generalis,

1014 2350 1128 2396 aliique
1155 2350 1275 2396 priores
1305 2359 1333 2384 et
1365 2349 1500 2384 ministri
1535 2352 1757 2395 provinciales,

1015 2410 1049 2433 ac
1077 2398 1224 2433 custodes
1251 2411 1307 2433 seu
1329 2399 1492 2444 guardiani
1519 2400 1694 2445 aliquorum
1717 2399 1759 2434 lo—

1014 2459 1122 2482 corum
1169 2455 1343 2482 vestrorum
1389 2447 1553 2488 ordinum,
1597 2457 1758 2495 praetextu

1014 2507 1286 2543 quorumcumque
1326 2496 1556 2543 privilegiorum
1579 2508 1634 2532 seu
1658 2497 1760 2532 indul-

914 2590 936 2627 h
993 2583 995 2588 A
1014 2547 1191 2592 gentiarum
1213 2545 1353 2580 eiusdem
1373 2545 1463 2581 Sedes
1482 2548 1573 2581 dictis
1595 2546 1759 2582 ordinibus

229 2604 324 2628 manu
347 2592 486 2628 confecta
505 2592 655 2631 fuissent,
678 2592 897 2626 inconcussam
920 2602 974 2631 ba·
994 2595 995 2598 ’

1015 2605 1248 2636 concessorum,
1277 2603 1329 2628 aut
1356 2594 1630 2631 concedendorum
1654 2596 1683 2629 in
1708 2610 1760 2643 po-

1778 246 1826 270 Αιι.
1845 244 1956 271 01250
