2129 3223
381 234 451 267 824
922 244 1107 267 normarum
1131 244 1291 267 ROMANUM

434 301 499 333 177
523 311 553 332 α.
583 298 708 344 Regalis
725 298 860 346 dignitas
881 299 909 333 ei
932 299 1147 340 confirmatur,
1169 300 1244 333 ibid.
1267 300 1295 333 b.
1319 298 1631 339 Excommuuicatur,
1653 300 1724 335 259
1742 301 1771 333 b.
1798 299 1866 334 Sta-

430 356 496 383 tuta
532 348 600 383 eius
627 357 734 383 contra
758 348 931 384 libertatem
968 349 1128 385 Ecclesiae
1156 348 1367 390 infirmantur,
1400 349 1471 383 260
1500 362 1529 384 α.
1566 348 1706 384 irritatur
1740 361 1867 396 quoque

432 398 588 433 sententia
610 398 648 432 ab
672 411 710 433 eo
737 407 844 434 contra
867 398 1045 434 Cumanum
1074 399 1261 447 episcopum
1286 399 1357 438 lata,
1384 399 1460 434 ibid.

330 447 445 483 oxonii
469 456 585 483 statuta
612 457 721 484 contra
750 449 1004 497 tranquillitatem
1030 450 1116 497 regni
1139 449 1271 496 Angliae
1296 449 1373 483 facta
1403 449 1573 489 irritantur,
1598 451 1667 483 704
1695 463 1724 484 α.

1084 606 1124 647 Ρ

330 704 513 740 palentinae
533 702 723 738 Academiae
746 702 904 750 privilegia
931 710 961 738 et
983 702 1199 750 exemptiones
1221 702 1442 738 conceduntur
1464 701 1502 737 ad
1526 701 1623 738 instar
1655 700 1874 738 Universitatis

427 753 597 798 Parisien.,
620 753 691 788 695
719 754 746 787 b.

332 803 491 839 pancratii
519 802 574 848 (S.)
597 803 635 838 de
657 802 768 837 Lewes
792 803 983 838 monasterio
1006 802 1169 837 decretum
1192 801 1284 837 datur
1317 801 1355 836 de
1385 814 1448 837 non
1474 801 1694 848 promittendis
1720 801 1873 837 Ecclesiis

427 862 594 900 antequam
619 860 739 896 vacent,
759 865 816 898 pro
840 853 942 901 iisque
969 851 1175 900 pensionibus
1195 863 1256 886 non
1279 851 1450 897 solvendis,
1477 852 1546 886 ’106
1573 864 1603 886 α.

331 902 540 950 pandulphus
562 902 646 937 card.
670 901 720 937 Ss.
743 901 804 936 Xll
825 901 1062 951 Apostolorum,
1093 903 1135 936 14
1161 914 1190 936 α.

331 953 516 988 Paramenta
538 963 638 992 sacra,
667 953 731 986 581
765 954 794 986 b.

331 1002 520 1038 parisiensis
558 1001 780 1037 Unirei·sitatis
812 1009 925 1037 statuta
959 1001 1113 1049 quaedam
1160 1008 1267 1036 contra
1313 1002 1423 1036 fratres
1462 1001 1580 1036 ordinis
1627 999 1874 1035 Mendicantiuiu

429 1051 655 1099 approbantur,
683 1051 834 1086 nonnulla
861 1059 1088 1099 temperantur,
1115 1059 1237 1086 caetera
1262 1051 1492 1092 rescinduntur,
1522 1052 1593 1086 602
1620 1063 1638 1084 α
1660 1057 1770 1096 etseq.
1800 1050 1878 1085 Eius

428 1101 622 1141 encomium,
644 1103 715 1136 455
738 1103 765 1141 b,
794 1102 863 1135 602
887 1103 914 1135 b.
939 1101 1152 1135 [uramentum
1177 1114 1193 1135 a
1221 1101 1408 1136 cancellario
1442 1099 1665 1147 praestandum
1702 1099 1741 1134 de
1776 1100 1878 1135 licen-

429 1151 554 1195 tiandis,
577 1152 649 1186 456
675 1163 705 1185 α.
728 1150 894 1197 Inquisitio
918 1151 957 1185 de
982 1152 1019 1186 iis
1046 1150 1186 1186 faci-enda
1214 1158 1285 1185 ante
1308 1151 1466 1186 licentiam
1495 1150 1643 1190 dandam,
1670 1151 1746 1184 ibid.
1775 1149 1879 1184 Privi—

428 1201 507 1248 legia
536 1200 686 1235 nonnulla
709 1200 926 1235 conceduntur
949 1201 1120 1247 magistris,
1147 1202 1221 1235 ibid.
1245 1202 1273 1235 b.
1297 1200 1446 1247 Episcopi
1470 1200 1624 1235 Parisien.
1648 1199 1697 1233 ius
1719 1200 1751 1234 in
1785 1200 1879 1234 scho-

429 1251 510 1286 lares
531 1250 765 1298 delinquentes,
788 1252 862 1285 ibid.
885 1250 1114 1298 Exemptiones
1141 1250 1260 1286 eisdem
1289 1263 1470 1294 concessae,
1492 1252 1562 1285 457
1585 1263 1616 1284 α.
1652 1248 1697 1283 De
1720 1250 1878 1295 magistris

431 1301 558 1342 artium,
584 1302 661 1335 ibid.
683 1300 729 1335 De
753 1301 909 1347 magistris
936 1301 1125 1348 theologiae,
1147 1302 1224 1335 ibid.
1249 1299 1294 1334 De
1329 1300 1419 1335 bonis
1447 1300 1638 1334 scholarium
1668 1299 1878 1342 obeuntium,

433 1352 509 1385 ibid.
537 1352 565 1384 b.

336 1400 470 1435 parochi
499 1399 715 1435 confessiones
736 1400 876 1444 audiant,
898 1401 1030 1436 caeteris
1053 1412 1125 1435 vcro
1151 1400 1252 1435 danda
1280 1399 1319 1434 ab
1340 1400 1490 1447 episcopo
1513 1399 1571 1435 loci
1594 1399 1732 1439 licentia,
1756 1400 1825 1433 582
1848 1411 1878 1433 α.

334 1449 503 1486 Partuselli
530 1458 610 1484 terra
634 1450 742 1484 comiti
769 1449 920 1484 Bertoldo
943 1450 1114 1491 infeudata,
1143 1452 1207 1484 581
1239 1463 1269 1484 a.

333 1499 540 1535 parvulorum
563 1499 686 1534 animae
709 1507 777 1546 post
800 1499 953 1545 Baptismi
976 1499 1133 1535 lavacrum
1155 1499 1375 1534 decedentium
1399 1499 1435 1533 ad
1466 1500 1595 1545 patriam
1617 1499 1761 1545 protinus
1783 1506 1882 1532 trans-

433 1549 537 1584 volant
559 1548 797 1596 sempiteruam,
820 1550 890 1583 585
913 1562 944 1583 α.

334 1599 498 1646 passagini
523 1599 694 1643 (haeretici)
721 1599 985 1642 condemnantur,
1013 1599 1059 1632 20
1082 1600 1110 1632 b.
1134 1598 1251 1632 Eorum
1277 1609 1407 1644 poenae,
1430 1599 1501 1632 506
1519 1599 1547 1631 b.

334 1648 476 1685 Patareni
500 1648 671 1693 (haeretici)
685 1649 1009 1689 excommunicantur,
1031 1650 1077 1682 20
1093 1650 1121 1682 b.
1133 1648 1258 1683 Poenae
1274 1656 1380 1682 contra
1399 1659 1453 1682 eos
1469 1655 1613 1687 statutae,
1631 1648 1703 1682 202
1716 1649 1744 1681 b.
1761 1645 1879 1680 Eorum

432 1699 588 1747 impietas,
612 1700 682 1733 505
705 1700 733 1732 b.
760 1697 912 1733 Fautores
935 1710 1044 1733 eorum
1069 1698 1330 1739 condemnantur,
1362 1699 1433 1732 202
1467 1699 1495 1731 b.
1519 1696 1727 1742 Relegantur,
1756 1697 1825 1730 505
1852 1697 1880 1729 b.

432 1749 557 1785 Poenae
584 1757 691 1784 contra
714 1760 822 1783 eorum
851 1757 1031 1795 receptores
1052 1756 1084 1782 et
1105 1748 1299 1787 defensores,
1323 1749 1392 1782 507
1420 1760 1451 1781 α.

334 1798 452 1835 Paulus
477 1798 536 1844 (S.)
562 1811 626 1846 quo
647 1811 742 1833 seusu
765 1798 887 1833 dicatur
910 1798 1002 1832 petro
1031 1798 1061 1832 iu
1089 1797 1199 1832 faciem
1224 1798 1386 1836 restitisse,
1415 1800 1484 1831 470
1520 1810 1549 1830 α.
1577 1796 1711 1843 Semper
1757 1795 1785 1828 in
1825 1795 1881 1829 do—

433 1849 534 1884 ctrina
562 1861 632 1883 cum
656 1848 751 1883 Petro
773 1860 918 1893 concors,
944 1850 1020 1883 ibid.
1047 1849 1074 1881 b.
1098 1846 1183 1883 Petri
1210 1848 1379 1896 primatum
1401 1847 1560 1893 cognovit,
1582 1847 1657 1880 ibid.

337 1899 456 1934 Paulus
476 1911 527 1947 ep.
554 1898 792 1939 Praenestinus,
817 1899 862 1932 16
889 1910 919 1932 α.

336 1948 495 1997 pauperes
521 1948 559 1983 de
581 1948 740 1995 Lugduno
763 1948 942 1993 (haeretici).
970 1949 1006 1981 V.
1034 1947 1208 1982 Humiliati.

337 1998 482 2045 Pelagius
508 1997 697 2033 Albanensis
721 1998 899 2046 episcopus.
928 1999 963 2032 V.
991 1997 1182 2032 Albanensis
1204 1996 1357 2032 Ecclesia.
1393 2018 1396 2019 ν

336 2047 511 2083 pennensis
532 2047 694 2083 Ecclesiae
720 2055 751 2082 et
785 2047 967 2082 monasterii
991 2046 1024 2082 S.
1053 2046 1170 2089 Quirici
1208 2046 1397 2093 compositio
1424 2045 1640 2087 confirmatur,
1671 2047 1713 2078 17
1741 2056 1781 2083 α;
1826 2054 1882 2076 nec

433 2110 495 2133 non
524 2097 649 2133 castella
666 2097 729 2133 duo
750 2097 885 2133 Puliano
899 2105 929 2132 et
945 2096 1032 2132 Colle
1047 2097 1120 2132 Alto
1143 2097 1180 2130 ab
1203 2095 1315 2130 Odone
1338 2096 1405 2130 eius
1428 2096 1576 2142 episcopo
1599 2093 1767 2141 acquisita,
1791 2093 1837 2126 99
1853 2093 1882 2125 b.

435 2147 551 2183 Unitur
577 2148 602 2182 ei
626 2146 810 2182 Hadriensis
837 2147 867 2181 in
887 2146 1099 2182 cathedralem
1122 2155 1236 2185 erecta,
1257 2149 1326 2179 547
1350 2158 1380 2179 a.

339 2197 485 2233 Perusini
507 2197 649 2232 canonici
672 2198 796 2244 regulas
818 2196 876 2232 sibi
898 2205 1040 2232 statuunt
1062 2209 1165 2232 coram
1189 2195 1333 2242 delegato
1367 2194 1551 2242 apostolico,
1587 2195 1655 2227 115
1691 2195 1717 2227 b.
1757 2191 1883 2226 Confir-

436 2256 574 2287 mantur,
597 2249 673 2282 ibid.

340 2297 505 2332 Perusium
528 2297 603 2332 iuris
624 2296 717 2333 Sedis
738 2296 941 2345 Apostolicae
967 2296 1154 2334 declaratur,
1194 2297 1261 2330 129
1296 2296 1324 2329 b.
1360 2294 1437 2330 Eius
1471 2293 1653 2329 consulatus
1692 2301 1721 2328 et
1753 2291 1882 2336 antiqua

438 2347 599 2395 privilegia
621 2347 860 2388 confirmantur,
886 2348 961 2381 ibid.
986 2354 1016 2381 et
1042 2359 1101 2391 seq.
1328 2389 1333 2394 .

339 2397 421 2433 Petri
445 2396 502 2441 (S.)
529 2397 568 2432 de
595 2397 681 2433 Urbe
704 2396 832 2432 basilica
854 2397 1016 2432 canonicis
1037 2396 1221 2432 conceditur
1250 2390 1414 2437 reddstum,
1449 2402 1479 2429 et
1511 2393 1592 2428 bona
1630 2391 1779 2428 nonnulla
1801 2401 1884 2425 con-

436 2447 612 2487 firmantur,
637 2449 707 2482 123
728 2449 757 2482 b.

342 2498 452 2534 Petrus
479 2497 575 2533 abbas
598 2496 797 2532 Cassinensis
818 2496 1087 2532 confirmationem
1111 2496 1230 2530 obtinet
1256 2507 1272 2529 a
1300 2494 1399 2530 Lucio
1421 2493 1464 2529 111
1484 2493 1546 2529 PP.
1574 2491 1754 2527 donationis
1781 2503 1796 2525 a
1820 2490 1883 2525 Ba-

438 2559 562 2592 rasone,
588 2547 720 2594 eiusque
749 2559 845 2582 uxore
872 2546 1054 2594 Algaburga
1075 2545 1240 2581 Sardiniae
1264 2544 1392 2591 regibus
1411 2544 1508 2579 sactae
1538 2541 1727 2578 monasterio
1767 2539 1884 2575 Montis

440 2596 561 2639 Casini,
585 2599 606 2631 8
628 2599 657 2631 b.

341 2646 452 2682 Petrus
474 2646 569 2681 abbas
593 2646 895 2682 praemonstrateus.
925 2647 960 2680 V.
977 2645 1314 2680 praemonstratenses.
